<?xml version="1.0" encoding="UTF-8"?>
<!DOCTYPE html PUBLIC "-//W3C//DTD XHTML 1.0 Transitional//EN"
    "http://www.w3.org/TR/xhtml1/DTD/xhtml1-transitional.dtd">
<html xmlns="http://www.w3.org/1999/xhtml" xml:lang="en" lang="en">
 <head>
  <title>
</title>
<meta http-equiv="Content-Type" content="text/html;charset=utf-8" />
  <meta name='ocr-system' content='tesseract 3.04.00' />
  <meta name='ocr-capabilities' content='ocr_page ocr_carea ocr_par ocr_line ocrx_word'/>
</head>
<body>
  <div class='ocr_page' id='page_1' title='image "./georgiimonachic00boorgoog_0113.png"; bbox 0 0 2617 3909; ppageno 0'>
   <div class='ocr_carea' id='block_1_1' title="bbox 531 241 1225 305">
    <p class='ocr_par' dir='ltr' id='par_1_1' title="bbox 531 241 1225 305">
     <span class='ocr_line' id='line_1_1' title="bbox 531 241 1225 305; baseline 0.001 -13"><span class='ocrx_word' id='word_1_1' title='bbox 531 243 721 293; x_wconf 85' lang='lat' dir='ltr'>XPONIKON</span> <span class='ocrx_word' id='word_1_2' title='bbox 1064 241 1131 305; x_wconf 88' lang='grc'><strong><em>489</em></strong></span> <span class='ocrx_word' id='word_1_3' title='bbox 1222 269 1225 275; x_wconf 90' lang='grc'><em>·</em></span> 
     </span>
    </p>
   </div>
   <div class='ocr_carea' id='block_1_2' title="bbox 103 383 1204 2326">
    <p class='ocr_par' dir='ltr' id='par_1_2' title="bbox 103 383 1204 2326">
     <span class='ocr_line' id='line_1_2' title="bbox 104 383 1128 472; baseline -0.001 -20"><span class='ocrx_word' id='word_1_4' title='bbox 104 389 167 452; x_wconf 78' lang='grc' dir='ltr'><strong><em>καί</em></strong></span> <span class='ocrx_word' id='word_1_5' title='bbox 189 395 300 468; x_wconf 78' lang='grc' dir='ltr'><strong><em>ψυχαῖς</em></strong></span> <span class='ocrx_word' id='word_1_6' title='bbox 323 383 372 451; x_wconf 81' lang='grc' dir='ltr'><strong><em>οἷα</em></strong></span> <span class='ocrx_word' id='word_1_7' title='bbox 395 389 545 470; x_wconf 77' lang='grc' dir='ltr'><strong><em>λυτρωτὴν</em></strong></span> <span class='ocrx_word' id='word_1_8' title='bbox 567 388 617 452; x_wconf 79' lang='grc' dir='ltr'><strong><em>καί</em></strong></span> <span class='ocrx_word' id='word_1_9' title='bbox 640 390 757 470; x_wconf 81' lang='grc' dir='ltr'><strong><em>σωτῆρά</em></strong></span> <span class='ocrx_word' id='word_1_10' title='bbox 779 413 809 452; x_wconf 91' lang='grc' dir='ltr'><strong><em>τε</em></strong></span> <span class='ocrx_word' id='word_1_11' title='bbox 827 389 877 451; x_wconf 82' lang='grc' dir='ltr'><strong><em>καὶ</em></strong></span> <span class='ocrx_word' id='word_1_12' title='bbox 895 389 1048 472; x_wconf 74' lang='grc' dir='ltr'><em>εὐεργέτην</em></span> <span class='ocrx_word' id='word_1_13' title='bbox 1068 385 1128 471; x_wconf 84' lang='grc' dir='ltr'><strong><em>μετ’</em></strong></span> 
     </span>
     <span class='ocr_line' id='line_1_3' title="bbox 106 485 1130 572; baseline 0 -22"><span class='ocrx_word' id='word_1_14' title='bbox 106 488 274 568; x_wconf 76' lang='grc' dir='ltr'><em>εὐφημιῶν</em></span> <span class='ocrx_word' id='word_1_15' title='bbox 297 485 346 548; x_wconf 84' lang='grc' dir='ltr'><strong><em>καὶ</em></strong></span> <span class='ocrx_word' id='word_1_16' title='bbox 369 485 520 566; x_wconf 79' lang='grc' dir='ltr'><strong>ἀπλήστου</strong></span> <span class='ocrx_word' id='word_1_17' title='bbox 545 497 636 568; x_wconf 84' lang='grc' dir='ltr'><strong><em>χαρᾶς</em></strong></span> <span class='ocrx_word' id='word_1_18' title='bbox 658 486 892 568; x_wconf 71' lang='grc' dir='ltr'><strong><em>ὑποδεχομένων.</em></strong></span> <span class='ocrx_word' id='word_1_19' title='bbox 938 487 954 550; x_wconf 88' lang='grc' dir='ltr'><strong><em>ό</em></strong></span> <span class='ocrx_word' id='word_1_20' title='bbox 979 487 1011 550; x_wconf 77' lang='grc' dir='ltr'><strong><em>δὲ</em></strong></span> <span class='ocrx_word' id='word_1_21' title='bbox 1033 488 1130 572; x_wconf 79' lang='grc' dir='ltr'><strong><em>ίόσπερ</em></strong></span> 
     </span>
     <span class='ocr_line' id='line_1_4' title="bbox 106 580 1131 665; baseline 0 -18"><span class='ocrx_word' id='word_1_22' title='bbox 106 587 249 665; x_wconf 76' lang='grc' dir='ltr'><strong><em>ἔμφυτον</em></strong></span> <span class='ocrx_word' id='word_1_23' title='bbox 276 585 331 665; x_wconf 76' lang='grc' dir='ltr'><strong><em>τὴν</em></strong></span> <span class='ocrx_word' id='word_1_24' title='bbox 358 585 400 658; x_wconf 89' lang='grc' dir='ltr'><strong><em>είς</em></strong></span> <span class='ocrx_word' id='word_1_25' title='bbox 423 583 498 646; x_wconf 83' lang='grc' dir='ltr'><strong><em>θεὸν</em></strong></span> <span class='ocrx_word' id='word_1_26' title='bbox 520 583 671 665; x_wconf 79' lang='grc' dir='ltr'><strong><em>εὐσέβειαν</em></strong></span> <span class='ocrx_word' id='word_1_27' title='bbox 693 583 870 664; x_wconf 76' lang='grc' dir='ltr'><strong><em>κεκτημένος</em></strong></span> <span class='ocrx_word' id='word_1_28' title='bbox 894 580 964 665; x_wconf 85' lang='grc' dir='ltr'><strong><em>μηδ’</em></strong></span> <span class='ocrx_word' id='word_1_29' title='bbox 986 586 1060 660; x_wconf 83' lang='grc' dir='ltr'><strong><em>όλεος</em></strong></span> <span class='ocrx_word' id='word_1_30' title='bbox 1082 586 1131 648; x_wconf 78' lang='grc' dir='ltr'><strong><em>ἐπὶ</em></strong></span> 
     </span>
     <span class='ocr_line' id='line_1_5' title="bbox 107 681 1131 765; baseline 0 -19"><span class='ocrx_word' id='word_1_31' title='bbox 107 690 180 757; x_wconf 89' lang='grc' dir='ltr'><strong><em>ταῖς</em></strong></span> <span class='ocrx_word' id='word_1_32' title='bbox 207 685 293 763; x_wconf 80' lang='grc' dir='ltr'><em>βοαῖς</em></span> <span class='ocrx_word' id='word_1_33' title='bbox 319 681 574 761; x_wconf 75' lang='grc' dir='ltr'><strong><em>δποσαλενόμενος</em></strong></span> <span class='ocrx_word' id='word_1_34' title='bbox 602 681 678 763; x_wconf 80' lang='grc' dir='ltr'><strong><em>μηδὲ</em></strong></span> <span class='ocrx_word' id='word_1_35' title='bbox 699 683 893 765; x_wconf 84' lang='grc' dir='ltr'><strong><em>ἐπαιρόμενος</em></strong></span> <span class='ocrx_word' id='word_1_36' title='bbox 915 689 976 758; x_wconf 86' lang='grc' dir='ltr'><strong><em>τοῖς</em></strong></span> <span class='ocrx_word' id='word_1_37' title='bbox 998 683 1131 758; x_wconf 74' lang='grc' dir='ltr'><strong><em>ἐπαίνοις</em></strong></span> 
     </span>
     <span class='ocr_line' id='line_1_6' title="bbox 106 775 1169 862; baseline -0.003 -17"><span class='ocrx_word' id='word_1_38' title='bbox 106 775 148 845; x_wconf 77' lang='grc' dir='ltr'><strong><em>εὖ</em></strong></span> <span class='ocrx_word' id='word_1_39' title='bbox 177 782 255 861; x_wconf 89' lang='grc' dir='ltr'><strong><em>μάλα</em></strong></span> <span class='ocrx_word' id='word_1_40' title='bbox 281 789 335 860; x_wconf 79' lang='grc' dir='ltr'><strong><em>τῆς</em></strong></span> <span class='ocrx_word' id='word_1_41' title='bbox 362 779 394 842; x_wconf 86' lang='grc' dir='ltr'><strong><em>ἐκ</em></strong></span> <span class='ocrx_word' id='word_1_42' title='bbox 421 786 495 842; x_wconf 87' lang='grc' dir='ltr'><strong><em>θεοῦ</em></strong></span> <span class='ocrx_word' id='word_1_43' title='bbox 523 779 755 861; x_wconf 72' lang='grc' dir='ltr'><strong><em>συνῃσθημένος</em></strong></span> <span class='ocrx_word' id='word_1_44' title='bbox 782 783 927 862; x_wconf 79' lang='grc' dir='ltr'><strong><em>βοηθείας</em></strong></span> <span class='ocrx_word' id='word_1_45' title='bbox 949 782 1055 844; x_wconf 77' lang='grc' dir='ltr'><strong><em>αὐτίκα</em></strong></span> <span class='ocrx_word' id='word_1_46' title='bbox 1076 792 1130 844; x_wconf 83' lang='grc' dir='ltr'><strong><em>τοῦ</em></strong></span> <span class='ocrx_word' id='word_1_47' title='bbox 1158 804 1169 842; x_wconf 85' lang='lat'><strong>5</strong></span> 
     </span>
     <span class='ocr_line' id='line_1_7' title="bbox 107 878 1130 962; baseline -0.001 -19"><span class='ocrx_word' id='word_1_48' title='bbox 107 881 262 961; x_wconf 87' lang='grc' dir='ltr'><strong><em>σωτηρίου</em></strong></span> <span class='ocrx_word' id='word_1_49' title='bbox 288 878 430 960; x_wconf 89' lang='grc' dir='ltr'><strong><em>τρόπαιον</em></strong></span> <span class='ocrx_word' id='word_1_50' title='bbox 457 879 578 951; x_wconf 81' lang='grc' dir='ltr'><strong><em>πάθους</em></strong></span> <span class='ocrx_word' id='word_1_51' title='bbox 603 878 662 942; x_wconf 81' lang='grc' dir='ltr'><strong><em>ὑπὸ</em></strong></span> <span class='ocrx_word' id='word_1_52' title='bbox 685 885 766 962; x_wconf 87' lang='grc' dir='ltr'><strong><em>χεῖρα</em></strong></span> <span class='ocrx_word' id='word_1_53' title='bbox 789 880 868 953; x_wconf 89' lang='grc' dir='ltr'><strong><em>ι’δίας</em></strong></span> <span class='ocrx_word' id='word_1_54' title='bbox 890 879 1005 954; x_wconf 80' lang='grc' dir='ltr'><strong><em>εἰκόνος</em></strong></span> <span class='ocrx_word' id='word_1_55' title='bbox 1026 879 1130 942; x_wconf 88' lang='grc' dir='ltr'><strong><em>όιναιε-</em></strong></span> 
     </span>
     <span class='ocr_line' id='line_1_8' title="bbox 104 975 1130 1059; baseline -0.001 -19"><span class='ocrx_word' id='word_1_56' title='bbox 104 985 211 1058; x_wconf 81' lang='grc' dir='ltr'><strong><em>θῆναι</em></strong></span> <span class='ocrx_word' id='word_1_57' title='bbox 233 977 411 1058; x_wconf 89' lang='grc' dir='ltr'><strong><em>προστάττει.</em></strong></span> <span class='ocrx_word' id='word_1_58' title='bbox 456 975 507 1036; x_wconf 88' lang='grc' dir='ltr'><strong><em>καλ</em></strong></span> <span class='ocrx_word' id='word_1_59' title='bbox 529 985 587 1037; x_wconf 85' lang='grc' dir='ltr'><strong><em>νῦν</em></strong></span> <span class='ocrx_word' id='word_1_60' title='bbox 610 977 642 1037; x_wconf 82' lang='grc' dir='ltr'><strong><em>οἱ</em></strong></span> <span class='ocrx_word' id='word_1_61' title='bbox 662 975 715 1056; x_wconf 83' lang='grc' dir='ltr'><strong><em>μὲν</em></strong></span> <span class='ocrx_word' id='word_1_62' title='bbox 733 976 958 1057; x_wconf 81' lang='grc' dir='ltr'><strong><em>θεομισεῖςόόκ</em></strong></span> <span class='ocrx_word' id='word_1_63' title='bbox 977 979 1062 1059; x_wconf 82' lang='grc' dir='ltr'><strong><em>εἰσιν,</em></strong></span> <span class='ocrx_word' id='word_1_64' title='bbox 1085 979 1130 1041; x_wconf 85' lang='grc' dir='ltr'><strong><em>ότι</em></strong></span> 
     </span>
     <span class='ocr_line' id='line_1_9' title="bbox 105 1067 1204 1158; baseline 0 -20"><span class='ocrx_word' id='word_1_65' title='bbox 105 1074 190 1156; x_wconf 82' lang='grc' dir='ltr'><strong><em>μηδὲ</em></strong></span> <span class='ocrx_word' id='word_1_66' title='bbox 218 1067 302 1155; x_wconf 74' lang='grc' dir='ltr'><strong><em>ἦσαν.</em></strong></span> <span class='ocrx_word' id='word_1_67' title='bbox 353 1075 395 1148; x_wconf 84' lang='grc' dir='ltr'><strong><em>εἰς</em></strong></span> <span class='ocrx_word' id='word_1_68' title='bbox 422 1073 515 1156; x_wconf 79' lang='grc' dir='ltr'><strong><em>βραχὺ</em></strong></span> <span class='ocrx_word' id='word_1_69' title='bbox 547 1073 602 1156; x_wconf 84' lang='grc' dir='ltr'><strong><em>γάρ</em></strong></span> <span class='ocrx_word' id='word_1_70' title='bbox 629 1075 823 1157; x_wconf 75' lang='grc' dir='ltr'><strong><em>κατάρξαντος</em></strong></span> <span class='ocrx_word' id='word_1_71' title='bbox 849 1074 900 1136; x_wconf 82' lang='grc' dir='ltr'><strong><em>καὶ</em></strong></span> <span class='ocrx_word' id='word_1_72' title='bbox 926 1075 1129 1158; x_wconf 77' lang='grc' dir='ltr'><strong><em>ταραχθέντες,</em></strong></span> <span class='ocrx_word' id='word_1_73' title='bbox 1202 1113 1204 1121; x_wconf 40' lang='lat'><strong>¹</strong></span> 
     </span>
     <span class='ocr_line' id='line_1_10' title="bbox 106 1170 1129 1256; baseline -0.002 -20"><span class='ocrx_word' id='word_1_74' title='bbox 106 1170 176 1236; x_wconf 76' lang='grc' dir='ltr'><strong><em>εἶτα</em></strong></span> <span class='ocrx_word' id='word_1_75' title='bbox 198 1173 375 1255; x_wconf 74' lang='grc' dir='ltr'><strong><em>ὑποσχόντες</em></strong></span> <span class='ocrx_word' id='word_1_76' title='bbox 397 1173 540 1252; x_wconf 82' lang='grc' dir='ltr'><strong><em>τιμωρίαν</em></strong></span> <span class='ocrx_word' id='word_1_77' title='bbox 563 1171 600 1233; x_wconf 81' lang='grc' dir='ltr'><strong><em>οὐ</em></strong></span> <span class='ocrx_word' id='word_1_78' title='bbox 624 1171 759 1252; x_wconf 77' lang='grc' dir='ltr'><strong><em>μεμπτὴν</em></strong></span> <span class='ocrx_word' id='word_1_79' title='bbox 782 1182 817 1256; x_wconf 76' lang='grc' dir='ltr'><strong><em>τῇ</em></strong></span> <span class='ocrx_word' id='word_1_80' title='bbox 841 1173 911 1256; x_wconf 83' lang='grc' dir='ltr'><strong><em>δίκη</em></strong></span> <span class='ocrx_word' id='word_1_81' title='bbox 933 1172 1058 1246; x_wconf 73' lang='grc' dir='ltr'><strong><em>ἑαυτοὺς</em></strong></span> <span class='ocrx_word' id='word_1_82' title='bbox 1079 1173 1129 1234; x_wconf 80' lang='grc' dir='ltr'><strong><em>καὶ</em></strong></span> 
     </span>
     <span class='ocr_line' id='line_1_11' title="bbox 107 1263 1170 1352; baseline -0.002 -18"><span class='ocrx_word' id='word_1_83' title='bbox 107 1274 223 1351; x_wconf 90' lang='grc' dir='ltr'><strong><em>φίλους</em></strong></span> <span class='ocrx_word' id='word_1_84' title='bbox 245 1270 295 1332; x_wconf 84' lang='grc' dir='ltr'><strong><em>καὶ</em></strong></span> <span class='ocrx_word' id='word_1_85' title='bbox 317 1271 419 1343; x_wconf 81' lang='grc' dir='ltr'><strong><em>οἴκους</em></strong></span> <span class='ocrx_word' id='word_1_86' title='bbox 441 1268 537 1352; x_wconf 83' lang='grc' dir='ltr'><strong><em>άρδην</em></strong></span> <span class='ocrx_word' id='word_1_87' title='bbox 560 1269 743 1342; x_wconf 79' lang='grc' dir='ltr'><strong><em>ἀναστάτους</em></strong></span> <span class='ocrx_word' id='word_1_88' title='bbox 764 1268 952 1349; x_wconf 74' lang='grc' dir='ltr'><strong><em>κατέστησαν.</em></strong></span> <span class='ocrx_word' id='word_1_89' title='bbox 997 1271 1064 1352; x_wconf 84' lang='grc' dir='ltr'><strong><em>περὶ</em></strong></span> <span class='ocrx_word' id='word_1_90' title='bbox 1086 1263 1129 1331; x_wconf 81' lang='grc' dir='ltr'><strong><em>ὧν</em></strong></span> <span class='ocrx_word' id='word_1_91' title='bbox 1143 1294 1170 1332; x_wconf 81' lang='grc' dir='ltr'><strong><em>ιο</em></strong></span> 
     </span>
     <span class='ocr_line' id='line_1_12' title="bbox 107 1367 1129 1452; baseline 0 -21"><span class='ocrx_word' id='word_1_92' title='bbox 107 1370 127 1433; x_wconf 85' lang='grc' dir='ltr'><strong><em>δ</em></strong></span> <span class='ocrx_word' id='word_1_93' title='bbox 154 1375 238 1442; x_wconf 84' lang='grc' dir='ltr'><strong><em>θεῖος</em></strong></span> <span class='ocrx_word' id='word_1_94' title='bbox 261 1368 319 1448; x_wconf 77' lang='grc' dir='ltr'><strong><em>ἔφη</em></strong></span> <span class='ocrx_word' id='word_1_95' title='bbox 342 1367 428 1450; x_wconf 89' lang='grc' dir='ltr'><strong><em>λόγος</em></strong></span> <span class='ocrx_word' id='word_1_96' title='bbox 450 1367 551 1429; x_wconf 89' lang='grc' dir='ltr'><strong><em>πάλιν·</em></strong></span> <span class='ocrx_word' id='word_1_97' title='bbox 581 1367 734 1449; x_wconf 75' lang='grc' dir='ltr'><strong><em>ῥομφαίαν</em></strong></span> <span class='ocrx_word' id='word_1_98' title='bbox 756 1368 920 1431; x_wconf 80' lang='grc' dir='ltr'><strong><em>ἐσπάσαντο</em></strong></span> <span class='ocrx_word' id='word_1_99' title='bbox 944 1370 977 1430; x_wconf 84' lang='grc' dir='ltr'><strong><em>οἱ</em></strong></span> <span class='ocrx_word' id='word_1_100' title='bbox 995 1367 1129 1452; x_wconf 82' lang='grc' dir='ltr'><strong><em>ἁμαρτα-</em></strong></span> 
     </span>
     <span class='ocr_line' id='line_1_13' title="bbox 108 1464 1128 1548; baseline -0.003 -18"><span class='ocrx_word' id='word_1_101' title='bbox 108 1468 169 1548; x_wconf 74' lang='grc' dir='ltr'><strong><em>λοί,</em></strong></span> <span class='ocrx_word' id='word_1_102' title='bbox 193 1465 339 1528; x_wconf 82' lang='grc' dir='ltr'><strong><em>ἐνέτειναν</em></strong></span> <span class='ocrx_word' id='word_1_103' title='bbox 361 1467 447 1540; x_wconf 84' lang='grc' dir='ltr'><strong><em>τόξον</em></strong></span> <span class='ocrx_word' id='word_1_104' title='bbox 470 1473 523 1526; x_wconf 77' lang='grc' dir='ltr'><strong><em>τοῦ</em></strong></span> <span class='ocrx_word' id='word_1_105' title='bbox 546 1467 720 1545; x_wconf 82' lang='grc' dir='ltr'><strong><em>καταβαλεῖν</em></strong></span> <span class='ocrx_word' id='word_1_106' title='bbox 743 1465 859 1547; x_wconf 83' lang='grc' dir='ltr'><strong><em>πτωχόν</em></strong></span> <span class='ocrx_word' id='word_1_107' title='bbox 877 1465 927 1527; x_wconf 86' lang='grc' dir='ltr'><strong><em>καί</em></strong></span> <span class='ocrx_word' id='word_1_108' title='bbox 945 1464 1057 1547; x_wconf 76' lang='grc' dir='ltr'><strong><em>πένητα</em></strong></span> <span class='ocrx_word' id='word_1_109' title='bbox 1076 1476 1128 1528; x_wconf 85' lang='grc' dir='ltr'><strong><em>τοῦ</em></strong></span> 
     </span>
     <span class='ocr_line' id='line_1_14' title="bbox 108 1557 1128 1648; baseline 0 -22"><span class='ocrx_word' id='word_1_110' title='bbox 108 1565 226 1644; x_wconf 81' lang='grc' dir='ltr'><strong><em>σφάξαι</em></strong></span> <span class='ocrx_word' id='word_1_111' title='bbox 248 1564 318 1638; x_wconf 77' lang='grc' dir='ltr'><strong><em>τοὺς</em></strong></span> <span class='ocrx_word' id='word_1_112' title='bbox 340 1563 441 1637; x_wconf 83' lang='grc' dir='ltr'><strong><em>εὐθεῖς</em></strong></span> <span class='ocrx_word' id='word_1_113' title='bbox 463 1572 498 1648; x_wconf 75' lang='grc' dir='ltr'><strong><em>τῇ</em></strong></span> <span class='ocrx_word' id='word_1_114' title='bbox 522 1563 636 1647; x_wconf 81' lang='grc' dir='ltr'><strong><em>καρδίρι.</em></strong></span> <span class='ocrx_word' id='word_1_115' title='bbox 673 1557 736 1624; x_wconf 76' lang='grc' dir='ltr'><strong><em>ἀλλ’</em></strong></span> <span class='ocrx_word' id='word_1_116' title='bbox 758 1561 777 1643; x_wconf 81' lang='grc' dir='ltr'><em>ἡ</em></span> <span class='ocrx_word' id='word_1_117' title='bbox 800 1564 934 1645; x_wconf 75' lang='grc' dir='ltr'><strong><em>ῥομφαία</em></strong></span> <span class='ocrx_word' id='word_1_118' title='bbox 953 1563 1051 1626; x_wconf 79' lang='grc' dir='ltr'><strong><em>αὐτῶν</em></strong></span> <span class='ocrx_word' id='word_1_119' title='bbox 1069 1565 1128 1626; x_wconf 87' lang='grc' dir='ltr'><strong><em>εἰσ-</em></strong></span> 
     </span>
     <span class='ocr_line' id='line_1_15' title="bbox 108 1660 1127 1745; baseline -0.002 -22"><span class='ocrx_word' id='word_1_120' title='bbox 108 1667 209 1743; x_wconf 76' lang='grc' dir='ltr'><strong><em>ῆλθεν</em></strong></span> <span class='ocrx_word' id='word_1_121' title='bbox 232 1661 274 1736; x_wconf 90' lang='grc' dir='ltr'><strong><em>είς</em></strong></span> <span class='ocrx_word' id='word_1_122' title='bbox 295 1660 347 1735; x_wconf 88' lang='grc' dir='ltr'><strong><em>τδις</em></strong></span> <span class='ocrx_word' id='word_1_123' title='bbox 364 1663 487 1743; x_wconf 82' lang='grc' dir='ltr'><strong><em>καρδίας</em></strong></span> <span class='ocrx_word' id='word_1_124' title='bbox 505 1661 614 1741; x_wconf 80' lang='grc' dir='ltr'><strong><em>αὐτῶν,</em></strong></span> <span class='ocrx_word' id='word_1_125' title='bbox 636 1660 687 1722; x_wconf 79' lang='grc' dir='ltr'><strong><em>καὶ</em></strong></span> <span class='ocrx_word' id='word_1_126' title='bbox 705 1661 740 1721; x_wconf 84' lang='grc' dir='ltr'><strong><em>τὰ</em></strong></span> <span class='ocrx_word' id='word_1_127' title='bbox 757 1662 828 1735; x_wconf 83' lang='grc' dir='ltr'><strong><em>τόξα</em></strong></span> <span class='ocrx_word' id='word_1_128' title='bbox 846 1661 944 1723; x_wconf 69' lang='grc' dir='ltr'><strong><em>αὐτῶν</em></strong></span> <span class='ocrx_word' id='word_1_129' title='bbox 962 1663 1127 1745; x_wconf 86' lang='grc' dir='ltr'><strong><em>συνετρίβη.</em></strong></span> 
     </span>
     <span class='ocr_line' id='line_1_16' title="bbox 104 1752 1167 1841; baseline 0 -19"><span class='ocrx_word' id='word_1_130' title='bbox 104 1761 188 1840; x_wconf 84' lang='grc' dir='ltr'><strong><em>πρὸς</em></strong></span> <span class='ocrx_word' id='word_1_131' title='bbox 211 1758 244 1820; x_wconf 81' lang='grc' dir='ltr'><strong><em>δέ</em></strong></span> <span class='ocrx_word' id='word_1_132' title='bbox 261 1783 293 1841; x_wconf 91' lang='grc' dir='ltr'><strong><em>γε</em></strong></span> <span class='ocrx_word' id='word_1_133' title='bbox 316 1758 371 1838; x_wconf 77' lang='grc' dir='ltr'><strong><em>τὴν</em></strong></span> <span class='ocrx_word' id='word_1_134' title='bbox 390 1759 547 1838; x_wconf 77' lang='grc' dir='ltr'><strong><em>ἐκκλησίαν</em></strong></span> <span class='ocrx_word' id='word_1_135' title='bbox 565 1768 624 1820; x_wconf 82' lang='grc' dir='ltr'><strong><em>τῶν</em></strong></span> <span class='ocrx_word' id='word_1_136' title='bbox 642 1758 773 1838; x_wconf 78' lang='grc' dir='ltr'><strong><em>εὐσεβῶν</em></strong></span> <span class='ocrx_word' id='word_1_137' title='bbox 792 1752 885 1832; x_wconf 77' lang='grc' dir='ltr'><strong><em>αὖθίς</em></strong></span> <span class='ocrx_word' id='word_1_138' title='bbox 903 1778 998 1838; x_wconf 89' lang='grc' dir='ltr'><strong><em>φησιν</em></strong></span> <span class='ocrx_word' id='word_1_139' title='bbox 1017 1758 1033 1822; x_wconf 87' lang='grc' dir='ltr'><strong><em>δ</em></strong></span> <span class='ocrx_word' id='word_1_140' title='bbox 1052 1760 1129 1840; x_wconf 81' lang='grc' dir='ltr'><strong><em>ἱερὸς</em></strong></span> <span class='ocrx_word' id='word_1_141' title='bbox 1143 1781 1167 1822; x_wconf 81' lang='grc' dir='ltr'><strong><em>ιο</em></strong></span> 
     </span>
     <span class='ocr_line' id='line_1_17' title="bbox 104 1856 1128 1942; baseline 0 -22"><span class='ocrx_word' id='word_1_142' title='bbox 104 1857 211 1940; x_wconf 84' lang='grc' dir='ltr'><strong><em>λόγος·</em></strong></span> <span class='ocrx_word' id='word_1_143' title='bbox 236 1857 277 1937; x_wconf 76' lang='grc' dir='ltr'><strong><em>μὴ</em></strong></span> <span class='ocrx_word' id='word_1_144' title='bbox 297 1859 397 1937; x_wconf 81' lang='grc' dir='ltr'><strong><em>φοβοῦ</em></strong></span> <span class='ocrx_word' id='word_1_145' title='bbox 415 1857 460 1918; x_wconf 88' lang='grc' dir='ltr'><strong><em>ότι</em></strong></span> <span class='ocrx_word' id='word_1_146' title='bbox 480 1858 702 1941; x_wconf 83' lang='grc' dir='ltr'><strong><em>κατησχόνθης,</em></strong></span> <span class='ocrx_word' id='word_1_147' title='bbox 725 1856 800 1937; x_wconf 77' lang='grc' dir='ltr'><strong><em>μηδὲ</em></strong></span> <span class='ocrx_word' id='word_1_148' title='bbox 817 1857 963 1942; x_wconf 75' lang='grc' dir='ltr'><strong><em>ἐντραπῇς</em></strong></span> <span class='ocrx_word' id='word_1_149' title='bbox 982 1858 1026 1919; x_wconf 85' lang='grc' dir='ltr'><strong><em>ότι</em></strong></span> <span class='ocrx_word' id='word_1_150' title='bbox 1044 1856 1128 1920; x_wconf 80' lang='grc' dir='ltr'><strong><em>ὠνει-</em></strong></span> 
     </span>
     <span class='ocr_line' id='line_1_18' title="bbox 104 1952 1128 2039; baseline -0.001 -23"><span class='ocrx_word' id='word_1_151' title='bbox 104 1956 237 2036; x_wconf 78' lang='grc' dir='ltr'><strong><em>δίσθης,</em></strong></span> <span class='ocrx_word' id='word_1_152' title='bbox 268 1955 312 2016; x_wconf 84' lang='grc' dir='ltr'><strong><em>ότι</em></strong></span> <span class='ocrx_word' id='word_1_153' title='bbox 335 1955 480 2035; x_wconf 87' lang='grc' dir='ltr'><strong><em>αἰσχύνην</em></strong></span> <span class='ocrx_word' id='word_1_154' title='bbox 507 1955 631 2016; x_wconf 86' lang='grc' dir='ltr'><strong><em>αίώνιον</em></strong></span> <span class='ocrx_word' id='word_1_155' title='bbox 658 1955 783 2039; x_wconf 81' lang='grc' dir='ltr'><strong><em>ἐπιλήση</em></strong></span> <span class='ocrx_word' id='word_1_156' title='bbox 810 1954 861 2015; x_wconf 87' lang='grc' dir='ltr'><strong><em>καλ</em></strong></span> <span class='ocrx_word' id='word_1_157' title='bbox 883 1955 915 2017; x_wconf 86' lang='grc' dir='ltr'><strong><em>τό</em></strong></span> <span class='ocrx_word' id='word_1_158' title='bbox 939 1952 1053 2028; x_wconf 86' lang='grc' dir='ltr'><strong><em>όνειδος</em></strong></span> <span class='ocrx_word' id='word_1_159' title='bbox 1076 1965 1128 2034; x_wconf 76' lang='grc' dir='ltr'><strong><em>τῆς</em></strong></span> 
     </span>
     <span class='ocr_line' id='line_1_19' title="bbox 103 2049 1127 2136; baseline 0 -22"><span class='ocrx_word' id='word_1_160' title='bbox 103 2053 230 2134; x_wconf 88' lang='grc' dir='ltr'><strong><em>χηρείας</em></strong></span> <span class='ocrx_word' id='word_1_161' title='bbox 253 2070 308 2114; x_wconf 90' lang='grc' dir='ltr'><strong><em>σου</em></strong></span> <span class='ocrx_word' id='word_1_162' title='bbox 332 2051 368 2114; x_wconf 80' lang='grc' dir='ltr'><strong><em>οὐ</em></strong></span> <span class='ocrx_word' id='word_1_163' title='bbox 391 2051 432 2132; x_wconf 78' lang='grc' dir='ltr'><strong><em>μὴ</em></strong></span> <span class='ocrx_word' id='word_1_164' title='bbox 461 2053 630 2136; x_wconf 80' lang='grc' dir='ltr'><strong><em>μνησθήση.</em></strong></span> <span class='ocrx_word' id='word_1_165' title='bbox 677 2053 836 2135; x_wconf 81' lang='grc' dir='ltr'><strong><em>ἐξεγείρου,</em></strong></span> <span class='ocrx_word' id='word_1_166' title='bbox 859 2052 1018 2135; x_wconf 81' lang='grc' dir='ltr'><strong><em>ἐξεγείρου,</em></strong></span> <span class='ocrx_word' id='word_1_167' title='bbox 1041 2049 1127 2114; x_wconf 79' lang='grc' dir='ltr'><strong><em>ἔνδυ-</em></strong></span> 
     </span>
     <span class='ocr_line' id='line_1_20' title="bbox 103 2149 1127 2230; baseline -0.001 -19"><span class='ocrx_word' id='word_1_168' title='bbox 103 2168 162 2212; x_wconf 88' lang='grc' dir='ltr'><strong><em>σαι</em></strong></span> <span class='ocrx_word' id='word_1_169' title='bbox 184 2149 240 2228; x_wconf 77' lang='grc' dir='ltr'><strong><em>τδγν</em></strong></span> <span class='ocrx_word' id='word_1_170' title='bbox 263 2149 348 2230; x_wconf 79' lang='grc' dir='ltr'><strong><em>ίσχδν</em></strong></span> <span class='ocrx_word' id='word_1_171' title='bbox 375 2149 425 2211; x_wconf 78' lang='grc' dir='ltr'><strong><em>καί</em></strong></span> <span class='ocrx_word' id='word_1_172' title='bbox 448 2149 502 2228; x_wconf 76' lang='grc' dir='ltr'><strong><em>τὴν</em></strong></span> <span class='ocrx_word' id='word_1_173' title='bbox 526 2151 617 2225; x_wconf 83' lang='grc' dir='ltr'><strong><em>δόξαν</em></strong></span> <span class='ocrx_word' id='word_1_174' title='bbox 640 2169 711 2230; x_wconf 82' lang='grc' dir='ltr'><strong><em>σου,</em></strong></span> <span class='ocrx_word' id='word_1_175' title='bbox 738 2151 885 2224; x_wconf 84' lang='grc' dir='ltr'><strong><em>ἐκτίναξαι</em></strong></span> <span class='ocrx_word' id='word_1_176' title='bbox 907 2151 960 2214; x_wconf 85' lang='grc' dir='ltr'><strong><em>τόν</em></strong></span> <span class='ocrx_word' id='word_1_177' title='bbox 982 2159 1055 2230; x_wconf 81' lang='grc' dir='ltr'><strong><em>χοῦν</em></strong></span> <span class='ocrx_word' id='word_1_178' title='bbox 1077 2149 1127 2210; x_wconf 84' lang='grc' dir='ltr'><strong><em>καὶ</em></strong></span> 
     </span>
     <span class='ocr_line' id='line_1_21' title="bbox 105 2247 1165 2326; baseline -0.002 -16"><span class='ocrx_word' id='word_1_179' title='bbox 105 2247 270 2326; x_wconf 78' lang='grc' dir='ltr'><strong><em>ἀνάστηθι.</em></strong></span> <span class='ocrx_word' id='word_1_180' title='bbox 1137 2271 1165 2308; x_wconf 78' lang='grc' dir='ltr'><strong><em>ιο</em></strong></span> 
     </span>
    </p>
   </div>
   <div class='ocr_carea' id='block_1_3' title="bbox 239 2349 1225 2570">
    <p class='ocr_par' dir='ltr' id='par_1_3' title="bbox 239 2349 1225 2570">
     <span class='ocr_line' id='line_1_22' title="bbox 453 2349 1225 2447; baseline 0.003 -21"><span class='ocrx_word' id='word_1_181' title='bbox 453 2354 681 2447; x_wconf 77' lang='grc' dir='ltr'><strong><em>[Βιβλίαν</em></strong></span> <span class='ocrx_word' id='word_1_182' title='bbox 713 2349 781 2444; x_wconf 82' lang='grc' dir='ltr'><strong><em>Θ’.]</em></strong></span> <span class='ocrx_word' id='word_1_183' title='bbox 1140 2377 1225 2417; x_wconf 74' lang='lat'><strong>³⁸⁹1·</strong></span> 
     </span>
     <span class='ocr_line' id='line_1_23' title="bbox 239 2481 1001 2570; baseline 0.004 -24"><span class='ocrx_word' id='word_1_184' title='bbox 239 2481 294 2566; x_wconf 87' lang='grc' dir='ltr'><strong><em>[α’.</em></strong></span> <span class='ocrx_word' id='word_1_185' title='bbox 327 2486 416 2570; x_wconf 81' lang='grc' dir='ltr'><strong><em>Περί</em></strong></span> <span class='ocrx_word' id='word_1_186' title='bbox 438 2488 719 2550; x_wconf 85' lang='grc' dir='ltr'><strong><em>Κωνσταντίνου</em></strong></span> <span class='ocrx_word' id='word_1_187' title='bbox 742 2497 803 2548; x_wconf 82' lang='grc' dir='ltr'><strong><em>τοῦ</em></strong></span> <span class='ocrx_word' id='word_1_188' title='bbox 827 2484 1001 2570; x_wconf 78' lang='grc' dir='ltr'><strong><em>μεγάλου]</em></strong></span> 
     </span>
    </p>
   </div>
   <div class='ocr_carea' id='block_1_4' title="bbox 105 2600 1126 2782">
    <p class='ocr_par' dir='ltr' id='par_1_4' title="bbox 105 2600 1126 2782">
     <span class='ocr_line' id='line_1_24' title="bbox 179 2600 1126 2685; baseline 0.001 -21"><span class='ocrx_word' id='word_1_189' title='bbox 179 2601 268 2664; x_wconf 89' lang='grc' dir='ltr'><strong><em>Μετδι</em></strong></span> <span class='ocrx_word' id='word_1_190' title='bbox 295 2600 327 2664; x_wconf 77' lang='grc' dir='ltr'><strong><em>δὲ</em></strong></span> <span class='ocrx_word' id='word_1_191' title='bbox 350 2601 522 2677; x_wconf 83' lang='grc' dir='ltr'><strong><em>Μαξέντιον</em></strong></span> <span class='ocrx_word' id='word_1_192' title='bbox 549 2601 716 2683; x_wconf 88' lang='grc' dir='ltr'><strong><em>ἐβασίλευσε</em></strong></span> <span class='ocrx_word' id='word_1_193' title='bbox 739 2607 964 2676; x_wconf 85' lang='grc' dir='ltr'><strong><em>Κανσταντῖνος</em></strong></span> <span class='ocrx_word' id='word_1_194' title='bbox 987 2602 1003 2665; x_wconf 84' lang='grc' dir='ltr'><strong><em>δ</em></strong></span> <span class='ocrx_word' id='word_1_195' title='bbox 1027 2603 1126 2685; x_wconf 73' lang='grc' dir='ltr'><strong><em>μέγας,</em></strong></span> 
     </span>
     <span class='ocr_line' id='line_1_25' title="bbox 105 2697 1126 2782; baseline 0.001 -20"><span class='ocrx_word' id='word_1_196' title='bbox 105 2697 144 2773; x_wconf 77' lang='grc' dir='ltr'><strong><em>δς</em></strong></span> <span class='ocrx_word' id='word_1_197' title='bbox 167 2697 281 2773; x_wconf 77' lang='grc' dir='ltr'><strong><em>εὐθέως</em></strong></span> <span class='ocrx_word' id='word_1_198' title='bbox 304 2700 485 2782; x_wconf 79' lang='grc' dir='ltr'><strong><em>διατάγματα</em></strong></span> <span class='ocrx_word' id='word_1_199' title='bbox 514 2710 665 2781; x_wconf 80' lang='grc' dir='ltr'><strong><em>πανταχοῦ</em></strong></span> <span class='ocrx_word' id='word_1_200' title='bbox 687 2699 831 2779; x_wconf 78' lang='grc' dir='ltr'><strong><em>ἐξέπεμψε</em></strong></span> <span class='ocrx_word' id='word_1_201' title='bbox 853 2701 923 2774; x_wconf 81' lang='grc' dir='ltr'><strong><em>τοὺς</em></strong></span> <span class='ocrx_word' id='word_1_202' title='bbox 946 2701 978 2763; x_wconf 89' lang='grc' dir='ltr'><strong><em>ἐν</em></strong></span> <span class='ocrx_word' id='word_1_203' title='bbox 1000 2701 1126 2782; x_wconf 82' lang='grc' dir='ltr'><strong><em>ἐξορίαις</em></strong></span> 
     </span>
    </p>
   </div>
   <div class='ocr_carea' id='block_1_5' title="bbox 107 2843 1124 3129">
    <p class='ocr_par' dir='ltr' id='par_1_5' title="bbox 107 2843 1124 3129">
     <span class='ocr_line' id='line_1_26' title="bbox 184 2843 1123 2914; baseline 0.002 -17"><span class='ocrx_word' id='word_1_204' title='bbox 184 2850 216 2898; x_wconf 88' lang='lat'><strong><em>11</em></strong></span> <span class='ocrx_word' id='word_1_205' title='bbox 231 2843 566 2914; x_wconf 72' lang='lat' dir='ltr'>Psalm.36(37),14;15.</span> <span class='ocrx_word' id='word_1_206' title='bbox 583 2877 617 2885; x_wconf 91' lang='lat'>-</span> <span class='ocrx_word' id='word_1_207' title='bbox 632 2850 664 2899; x_wconf 85' lang='lat'><strong><em>16</em></strong></span> <span class='ocrx_word' id='word_1_208' title='bbox 679 2845 734 2900; x_wconf 72' lang='grc' dir='ltr'><strong><em>σοι.</em></strong></span> <span class='ocrx_word' id='word_1_209' title='bbox 746 2850 789 2911; x_wconf 81' lang='grc' dir='ltr'><strong><em>τι,</em></strong></span> <span class='ocrx_word' id='word_1_210' title='bbox 799 2852 823 2899; x_wconf 83' lang='lat'><strong><em>4.</em></strong></span> <span class='ocrx_word' id='word_1_211' title='bbox 839 2877 874 2885; x_wconf 95' lang='grc'>-</span> <span class='ocrx_word' id='word_1_212' title='bbox 890 2849 923 2898; x_wconf 83' lang='lat'><strong><em>18</em></strong></span> <span class='ocrx_word' id='word_1_213' title='bbox 937 2845 993 2899; x_wconf 68' lang='grc' dir='ltr'><strong><em>σοι.</em></strong></span> <span class='ocrx_word' id='word_1_214' title='bbox 1004 2850 1123 2913; x_wconf 75' lang='grc' dir='ltr'><strong><em>οτ,1;τ.</em></strong></span> 
     </span>
     <span class='ocr_line' id='line_1_27' title="bbox 110 2915 1123 2986; baseline 0.001 -18"><span class='ocrx_word' id='word_1_215' title='bbox 110 2947 146 2960; x_wconf 82' lang='grc'><strong><em>-</em></strong></span> <span class='ocrx_word' id='word_1_216' title='bbox 166 2921 199 2968; x_wconf 77' lang='grc'><strong><em>13</em></strong></span> <span class='ocrx_word' id='word_1_217' title='bbox 206 2933 270 2984; x_wconf 77' lang='grc' dir='ltr'><strong><em>-μ,</em></strong></span> <span class='ocrx_word' id='word_1_218' title='bbox 286 2920 348 2983; x_wconf 83' lang='grc'>490,</span> <span class='ocrx_word' id='word_1_219' title='bbox 363 2921 379 2968; x_wconf 80' lang='grc'><strong>6</strong></span> <span class='ocrx_word' id='word_1_220' title='bbox 397 2915 526 2986; x_wconf 78' lang='lat' dir='ltr'><strong>Epitome</strong></span> <span class='ocrx_word' id='word_1_221' title='bbox 546 2916 701 2971; x_wconf 76' lang='lat' dir='ltr'>ecclesiast.</span> <span class='ocrx_word' id='word_1_222' title='bbox 716 2933 732 2970; x_wconf 82' lang='grc' dir='ltr'><strong><em>ιι</em></strong></span> <span class='ocrx_word' id='word_1_223' title='bbox 749 2915 890 2970; x_wconf 81' lang='lat' dir='ltr'>Theodori</span> <span class='ocrx_word' id='word_1_224' title='bbox 907 2916 1032 2971; x_wconf 66' lang='lat' dir='ltr'><strong><em>Laetoria</em></strong></span> <span class='ocrx_word' id='word_1_225' title='bbox 1051 2916 1123 2970; x_wconf 83' lang='lat' dir='ltr'><strong>Hist.</strong></span> 
     </span>
     <span class='ocr_line' id='line_1_28' title="bbox 107 2986 1124 3057; baseline 0.002 -17"><span class='ocrx_word' id='word_1_226' title='bbox 107 2987 263 3055; x_wconf 69' lang='lat' dir='ltr'><strong>tripartita.</strong></span> <span class='ocrx_word' id='word_1_227' title='bbox 291 2986 858 3057; x_wconf 64' lang='lat' dir='ltr'><strong>cf.Theophp.24‚1Polyd.p.2‘16‚5.</strong></span> <span class='ocrx_word' id='word_1_228' title='bbox 886 2988 921 3053; x_wconf 79' lang='lat' dir='ltr'><strong><em>cf.</em></strong></span> <span class='ocrx_word' id='word_1_229' title='bbox 935 2988 1018 3042; x_wconf 76' lang='grc' dir='ltr'><strong><em>ιλίοιπ</em></strong></span> <span class='ocrx_word' id='word_1_230' title='bbox 1032 2986 1124 3042; x_wconf 71' lang='lat' dir='ltr'>Gelas.</span> 
     </span>
     <span class='ocr_line' id='line_1_29' title="bbox 108 3057 909 3129; baseline -0.001 -17"><span class='ocrx_word' id='word_1_231' title='bbox 108 3057 202 3127; x_wconf 75' lang='lat' dir='ltr'><strong>Oyzie.</strong></span> <span class='ocrx_word' id='word_1_232' title='bbox 217 3057 289 3112; x_wconf 76' lang='lat' dir='ltr'>Hist.</span> <span class='ocrx_word' id='word_1_233' title='bbox 308 3057 406 3112; x_wconf 80' lang='lat' dir='ltr'>concil.</span> <span class='ocrx_word' id='word_1_234' title='bbox 421 3058 483 3112; x_wconf 80' lang='lat' dir='ltr'><strong>Nic.</strong></span> <span class='ocrx_word' id='word_1_235' title='bbox 498 3059 518 3126; x_wconf 77' lang='grc' dir='ltr'><strong><em>Ι,</em></strong></span> <span class='ocrx_word' id='word_1_236' title='bbox 535 3065 548 3112; x_wconf 77' lang='grc'>1</span> <span class='ocrx_word' id='word_1_237' title='bbox 568 3059 665 3129; x_wconf 80' lang='lat' dir='ltr'>Migne</span> <span class='ocrx_word' id='word_1_238' title='bbox 680 3059 759 3113; x_wconf 87' lang='lat' dir='ltr'><strong>Tom.</strong></span> <span class='ocrx_word' id='word_1_239' title='bbox 773 3063 817 3125; x_wconf 73' lang='lat'><strong><em>85,</em></strong></span> <span class='ocrx_word' id='word_1_240' title='bbox 833 3063 909 3113; x_wconf 72' lang='lat'>1208.</span> 
     </span>
    </p>
   </div>
   <div class='ocr_carea' id='block_1_6' title="bbox 108 3171 1125 3534">
    <p class='ocr_par' dir='ltr' id='par_1_6' title="bbox 108 3171 1125 3534">
     <span class='ocr_line' id='line_1_30' title="bbox 183 3171 1125 3246; baseline 0.003 -20"><span class='ocrx_word' id='word_1_241' title='bbox 183 3179 199 3226; x_wconf 84' lang='lat'><strong>3</strong></span> <span class='ocrx_word' id='word_1_242' title='bbox 214 3174 271 3246; x_wconf 78' lang='grc' dir='ltr'><strong><em>ἐπὶ]</em></strong></span> <span class='ocrx_word' id='word_1_243' title='bbox 286 3172 341 3228; x_wconf 80' lang='grc' dir='ltr'><strong><em>δπδ</em></strong></span> <span class='ocrx_word' id='word_1_244' title='bbox 351 3173 400 3227; x_wconf 84' lang='grc' dir='ltr'><strong><em>ΑΒ</em></strong></span> <span class='ocrx_word' id='word_1_245' title='bbox 416 3173 446 3230; x_wconf 87' lang='grc' dir='ltr'><strong><em>ἐν</em></strong></span> <span class='ocrx_word' id='word_1_246' title='bbox 454 3173 484 3227; x_wconf 85' lang='grc' dir='ltr'><strong><em>Ρ.</em></strong></span> <span class='ocrx_word' id='word_1_247' title='bbox 495 3205 530 3216; x_wconf 88' lang='lat'><strong><em>-—</em></strong></span> <span class='ocrx_word' id='word_1_248' title='bbox 544 3181 560 3228; x_wconf 87' lang='lat'>4</span> <span class='ocrx_word' id='word_1_249' title='bbox 575 3171 641 3244; x_wconf 89' lang='grc' dir='ltr'><strong><em>μηδ’</em></strong></span> <span class='ocrx_word' id='word_1_250' title='bbox 655 3175 746 3243; x_wconf 83' lang='grc' dir='ltr'><strong><em>ἐπαιρ.</em></strong></span> <span class='ocrx_word' id='word_1_251' title='bbox 757 3173 814 3228; x_wconf 87' lang='lat' dir='ltr'><strong><em>AB.</em></strong></span> <span class='ocrx_word' id='word_1_252' title='bbox 826 3207 859 3214; x_wconf 97' lang='lat'>-</span> <span class='ocrx_word' id='word_1_253' title='bbox 874 3179 890 3227; x_wconf 79' lang='lat'>5</span> <span class='ocrx_word' id='word_1_254' title='bbox 905 3173 1125 3244; x_wconf 79' lang='grc' dir='ltr'><strong><em>συνησθειμένος</em></strong></span> 
     </span>
     <span class='ocr_line' id='line_1_31' title="bbox 109 3243 1122 3316; baseline 0.001 -18"><span class='ocrx_word' id='word_1_255' title='bbox 109 3243 160 3298; x_wconf 75' lang='lat' dir='ltr'><strong><em>GE</em></strong></span> <span class='ocrx_word' id='word_1_256' title='bbox 184 3244 395 3315; x_wconf 82' lang='grc' dir='ltr'><strong><em>συνηθησμίνος</em></strong></span> <span class='ocrx_word' id='word_1_257' title='bbox 408 3245 434 3298; x_wconf 88' lang='lat' dir='ltr'>A</span> <span class='ocrx_word' id='word_1_258' title='bbox 457 3244 709 3316; x_wconf 83' lang='grc' dir='ltr'><strong><em>ουνησθομόνηςΒ</em></strong></span> <span class='ocrx_word' id='word_1_259' title='bbox 734 3245 967 3316; x_wconf 87' lang='grc' dir='ltr'><strong><em>(συναισθόμενος</em></strong></span> <span class='ocrx_word' id='word_1_260' title='bbox 984 3245 1069 3314; x_wconf 61' lang='lat' dir='ltr'>Eua).</span> <span class='ocrx_word' id='word_1_261' title='bbox 1091 3279 1122 3286; x_wconf 89' lang='lat'><em>-</em></span> 
     </span>
     <span class='ocr_line' id='line_1_32' title="bbox 109 3311 1125 3388; baseline -0.001 -16"><span class='ocrx_word' id='word_1_262' title='bbox 109 3323 126 3372; x_wconf 89' lang='lat'>8</span> <span class='ocrx_word' id='word_1_263' title='bbox 141 3311 255 3385; x_wconf 79' lang='grc' dir='ltr'><strong><em>ἦσαν-</em></strong></span> <span class='ocrx_word' id='word_1_264' title='bbox 263 3334 292 3388; x_wconf 78' lang='grc' dir='ltr'><strong><em>μ.</em></strong></span> <span class='ocrx_word' id='word_1_265' title='bbox 308 3321 413 3385; x_wconf 82' lang='grc'>490,18</span> <span class='ocrx_word' id='word_1_266' title='bbox 429 3317 459 3371; x_wconf 80' lang='grc' dir='ltr'><strong><em>ἔν</em></strong></span> <span class='ocrx_word' id='word_1_267' title='bbox 472 3336 528 3371; x_wconf 93' lang='grc' dir='ltr'><strong><em>τινι</em></strong></span> <span class='ocrx_word' id='word_1_268' title='bbox 542 3333 592 3372; x_wconf 86' lang='lat' dir='ltr'><strong><em>om.</em></strong></span> <span class='ocrx_word' id='word_1_269' title='bbox 608 3317 630 3372; x_wconf 83' lang='lat' dir='ltr'><strong>E</strong></span> <span class='ocrx_word' id='word_1_270' title='bbox 644 3334 702 3371; x_wconf 86' lang='grc' dir='ltr'><strong><em>νκο</em></strong></span> <span class='ocrx_word' id='word_1_271' title='bbox 714 3318 782 3383; x_wconf 77' lang='lat' dir='ltr'><em>solio</em></span> <span class='ocrx_word' id='word_1_272' title='bbox 796 3318 931 3372; x_wconf 76' lang='grc' dir='ltr'><strong><em>ι’κΐιτιλεο.</em></strong></span> <span class='ocrx_word' id='word_1_273' title='bbox 946 3348 980 3356; x_wconf 91' lang='grc'><strong>-</strong></span> <span class='ocrx_word' id='word_1_274' title='bbox 996 3323 1027 3371; x_wconf 95' lang='grc'><strong><em>11</em></strong></span> <span class='ocrx_word' id='word_1_275' title='bbox 1043 3315 1125 3386; x_wconf 86' lang='grc' dir='ltr'><strong><em>λόγος</em></strong></span> 
     </span>
     <span class='ocr_line' id='line_1_33' title="bbox 110 3386 1124 3456; baseline 0 -14"><span class='ocrx_word' id='word_1_276' title='bbox 110 3387 165 3456; x_wconf 81' lang='grc' dir='ltr'><strong><em>ἔφη</em></strong></span> <span class='ocrx_word' id='word_1_277' title='bbox 184 3387 242 3441; x_wconf 88' lang='lat' dir='ltr'><strong><em>BL.</em></strong></span> <span class='ocrx_word' id='word_1_278' title='bbox 261 3419 297 3428; x_wconf 89' lang='lat'><em>-</em></span> <span class='ocrx_word' id='word_1_279' title='bbox 317 3393 349 3441; x_wconf 75' lang='lat'><strong><em>12</em></strong></span> <span class='ocrx_word' id='word_1_280' title='bbox 368 3386 450 3452; x_wconf 83' lang='grc' dir='ltr'><strong><em>τόξον</em></strong></span> <span class='ocrx_word' id='word_1_281' title='bbox 469 3389 561 3442; x_wconf 77' lang='grc' dir='ltr'><strong><em>αὐτῶν</em></strong></span> <span class='ocrx_word' id='word_1_282' title='bbox 579 3388 632 3443; x_wconf 76' lang='lat' dir='ltr'><strong><em>LP.</em></strong></span> <span class='ocrx_word' id='word_1_283' title='bbox 651 3420 687 3428; x_wconf 96' lang='lat'>-</span> <span class='ocrx_word' id='word_1_284' title='bbox 707 3394 739 3441; x_wconf 83' lang='lat'><strong><em>13</em></strong></span> <span class='ocrx_word' id='word_1_285' title='bbox 759 3386 881 3442; x_wconf 76' lang='grc' dir='ltr'><strong><em>εἰσέλθοι</em></strong></span> <span class='ocrx_word' id='word_1_286' title='bbox 899 3388 932 3442; x_wconf 85' lang='lat' dir='ltr'><strong><em>V.</em></strong></span> <span class='ocrx_word' id='word_1_287' title='bbox 953 3420 986 3429; x_wconf 89' lang='grc'><strong>-</strong></span> <span class='ocrx_word' id='word_1_288' title='bbox 1006 3394 1039 3442; x_wconf 88' lang='grc'><strong><em>14</em></strong></span> <span class='ocrx_word' id='word_1_289' title='bbox 1059 3406 1124 3442; x_wconf 93' lang='grc' dir='ltr'><strong><em>σνν-</em></strong></span> 
     </span>
     <span class='ocr_line' id='line_1_34' title="bbox 108 3457 986 3534; baseline -0.001 -22"><span class='ocrx_word' id='word_1_290' title='bbox 108 3457 216 3530; x_wconf 85' lang='grc' dir='ltr'><strong><em>τριβείη</em></strong></span> <span class='ocrx_word' id='word_1_291' title='bbox 234 3458 293 3512; x_wconf 80' lang='lat' dir='ltr'><strong><em>AV.</em></strong></span> <span class='ocrx_word' id='word_1_292' title='bbox 314 3490 347 3498; x_wconf 95' lang='lat'>—</span> <span class='ocrx_word' id='word_1_293' title='bbox 367 3464 401 3514; x_wconf 77' lang='lat'><strong><em>24</em></strong></span> <span class='ocrx_word' id='word_1_294' title='bbox 420 3457 560 3529; x_wconf 75' lang='grc' dir='ltr'><strong><em>διάταγμα</em></strong></span> <span class='ocrx_word' id='word_1_295' title='bbox 579 3458 670 3513; x_wconf 82' lang='lat' dir='ltr'>CNR.</span> <span class='ocrx_word' id='word_1_296' title='bbox 691 3491 723 3500; x_wconf 93' lang='lat'><em>-</em></span> <span class='ocrx_word' id='word_1_297' title='bbox 744 3459 774 3514; x_wconf 82' lang='grc' dir='ltr'><strong><em>ἐν</em></strong></span> <span class='ocrx_word' id='word_1_298' title='bbox 794 3457 888 3534; x_wconf 78' lang='grc' dir='ltr'><strong><em>ἐξορίμ</em></strong></span> <span class='ocrx_word' id='word_1_299' title='bbox 906 3459 986 3512; x_wconf 83' lang='lat' dir='ltr'><strong>ALR.</strong></span> 
     </span>
    </p>
   </div>
   <div class='ocr_carea' id='block_1_7' title="bbox 110 3562 1123 3705">
    <p class='ocr_par' dir='ltr' id='par_1_7' title="bbox 110 3562 1123 3705">
     <span class='ocr_line' id='line_1_35' title="bbox 183 3562 1123 3638; baseline -0.001 -19"><span class='ocrx_word' id='word_1_300' title='bbox 183 3570 216 3619; x_wconf 80' lang='lat'><strong><em>14</em></strong></span> <span class='ocrx_word' id='word_1_301' title='bbox 237 3571 299 3634; x_wconf 74' lang='lat' dir='ltr'><strong><em>post</em></strong></span> <span class='ocrx_word' id='word_1_302' title='bbox 321 3562 467 3638; x_wconf 86' lang='grc' dir='ltr'><strong><em>συνετρίβη</em></strong></span> <span class='ocrx_word' id='word_1_303' title='bbox 495 3572 520 3620; x_wconf 79' lang='grc' dir='ltr'><strong><em>ιλ</em></strong></span> <span class='ocrx_word' id='word_1_304' title='bbox 544 3570 576 3620; x_wconf 89' lang='grc'><strong><em>18</em></strong></span> <span class='ocrx_word' id='word_1_305' title='bbox 596 3573 660 3634; x_wconf 78' lang='lat' dir='ltr'><em>post</em></span> <span class='ocrx_word' id='word_1_306' title='bbox 686 3565 835 3638; x_wconf 80' lang='grc' dir='ltr'><strong><em>μνησθήση</em></strong></span> <span class='ocrx_word' id='word_1_307' title='bbox 863 3567 923 3620; x_wconf 81' lang='lat' dir='ltr'><strong><em>alia</em></strong></span> <span class='ocrx_word' id='word_1_308' title='bbox 945 3565 1010 3621; x_wconf 74' lang='lat' dir='ltr'><strong><em>add.</em></strong></span> <span class='ocrx_word' id='word_1_309' title='bbox 1029 3565 1059 3618; x_wconf 85' lang='lat' dir='ltr'><strong><em>P.</em></strong></span> <span class='ocrx_word' id='word_1_310' title='bbox 1088 3596 1123 3603; x_wconf 94' lang='lat'>-</span> 
     </span>
     <span class='ocr_line' id='line_1_36' title="bbox 110 3635 733 3705; baseline -0.005 -15"><span class='ocrx_word' id='word_1_311' title='bbox 110 3641 145 3690; x_wconf 74' lang='lat'><strong><em>24</em></strong></span> <span class='ocrx_word' id='word_1_312' title='bbox 164 3635 270 3705; x_wconf 80' lang='grc' dir='ltr'><strong><em>ἔπεμψε</em></strong></span> <span class='ocrx_word' id='word_1_313' title='bbox 287 3635 317 3690; x_wconf 94' lang='lat' dir='ltr'><strong><em>P.</em></strong></span> <span class='ocrx_word' id='word_1_314' title='bbox 730 3650 733 3654; x_wconf 88' lang='grc'><strong><em>·</em></strong></span> 
     </span>
    </p>
   </div>
   <div class='ocr_carea' id='block_1_8' title="bbox 0 0 1321 3909">
    <p class='ocr_par' dir='ltr' id='par_1_8' title="bbox 0 0 1321 3909">
     <span class='ocr_line' id='line_1_37' title="bbox 0 0 1321 3909; baseline 0 0"><span class='ocrx_word' id='word_1_315' title='bbox 0 0 1321 3909; x_wconf 95' lang='lat' dir='ltr'><strong><em> </em></strong></span> 
     </span>
    </p>
   </div>
  </div>
 </body>
</html>
