<?xml version="1.0" encoding="UTF-8"?>
<!DOCTYPE html PUBLIC "-//W3C//DTD XHTML 1.0 Transitional//EN"
    "http://www.w3.org/TR/xhtml1/DTD/xhtml1-transitional.dtd">
<html xmlns="http://www.w3.org/1999/xhtml" xml:lang="en" lang="en">
 <head>
  <title>
</title>
<meta http-equiv="Content-Type" content="text/html;charset=utf-8" />
  <meta name='ocr-system' content='tesseract 3.04.00' />
  <meta name='ocr-capabilities' content='ocr_page ocr_carea ocr_par ocr_line ocrx_word'/>
</head>
<body>
  <div class='ocr_page' id='page_1' title='image "./georgiimonachic00boorgoog_0273.png"; bbox 0 0 2617 3909; ppageno 0'>
   <div class='ocr_carea' id='block_1_1' title="bbox 530 235 1132 299">
    <p class='ocr_par' dir='ltr' id='par_1_1' title="bbox 530 235 1132 299">
     <span class='ocr_line' id='line_1_1' title="bbox 530 235 1132 299; baseline -0.007 -8"><span class='ocrx_word' id='word_1_1' title='bbox 530 239 720 291; x_wconf 84' lang='lat' dir='ltr'>XPONIKON</span> <span class='ocrx_word' id='word_1_2' title='bbox 1067 235 1132 299; x_wconf 73' lang='grc'><strong><em>647</em></strong></span> 
     </span>
    </p>
   </div>
   <div class='ocr_carea' id='block_1_2' title="bbox 71 383 1271 2518">
    <p class='ocr_par' dir='ltr' id='par_1_2' title="bbox 116 383 1175 1251">
     <span class='ocr_line' id='line_1_2' title="bbox 116 383 1135 470; baseline -0.005 -19"><span class='ocrx_word' id='word_1_3' title='bbox 116 398 171 469; x_wconf 78' lang='grc' dir='ltr'><strong><em>τῆς</em></strong></span> <span class='ocrx_word' id='word_1_4' title='bbox 194 398 359 470; x_wconf 87' lang='grc' dir='ltr'><strong><em>συμφορᾶς.</em></strong></span> <span class='ocrx_word' id='word_1_5' title='bbox 401 386 451 448; x_wconf 87' lang='grc' dir='ltr'><strong><em>καλ</em></strong></span> <span class='ocrx_word' id='word_1_6' title='bbox 473 387 610 468; x_wconf 84' lang='grc' dir='ltr'><strong><em>καθάπερ</em></strong></span> <span class='ocrx_word' id='word_1_7' title='bbox 633 386 768 464; x_wconf 84' lang='grc' dir='ltr'><strong><em>σώματος</em></strong></span> <span class='ocrx_word' id='word_1_8' title='bbox 786 384 1009 465; x_wconf 76' lang='grc' dir='ltr'><strong><em>ἐμπρησθέντος</em></strong></span> <span class='ocrx_word' id='word_1_9' title='bbox 1029 386 1062 448; x_wconf 78' lang='grc' dir='ltr'><strong><em>τὸι</em></strong></span> <span class='ocrx_word' id='word_1_10' title='bbox 1080 383 1135 464; x_wconf 83' lang='grc' dir='ltr'><strong><em>μέν</em></strong></span> 
     </span>
     <span class='ocr_line' id='line_1_3' title="bbox 119 481 1135 569; baseline -0.005 -20"><span class='ocrx_word' id='word_1_11' title='bbox 119 495 217 566; x_wconf 75' lang='grc' dir='ltr'><strong><em>σχῆμα</em></strong></span> <span class='ocrx_word' id='word_1_12' title='bbox 236 484 316 567; x_wconf 84' lang='grc' dir='ltr'><strong><em>μένει</em></strong></span> <span class='ocrx_word' id='word_1_13' title='bbox 338 484 387 547; x_wconf 85' lang='grc' dir='ltr'><strong><em>καλ</em></strong></span> <span class='ocrx_word' id='word_1_14' title='bbox 405 484 421 547; x_wconf 99' lang='lat'><em>6</em></span> <span class='ocrx_word' id='word_1_15' title='bbox 440 485 533 557; x_wconf 85' lang='grc' dir='ltr'><strong><em>τύπος</em></strong></span> <span class='ocrx_word' id='word_1_16' title='bbox 551 484 584 547; x_wconf 86' lang='grc' dir='ltr'><strong><em>ἐν</em></strong></span> <span class='ocrx_word' id='word_1_17' title='bbox 602 493 637 569; x_wconf 77' lang='grc' dir='ltr'><strong><em>τῇ</em></strong></span> <span class='ocrx_word' id='word_1_18' title='bbox 661 493 715 545; x_wconf 81' lang='grc' dir='ltr'><strong><em>τοῦ</em></strong></span> <span class='ocrx_word' id='word_1_19' title='bbox 733 482 828 564; x_wconf 89' lang='grc' dir='ltr'><strong><em>πυρδς</em></strong></span> <span class='ocrx_word' id='word_1_20' title='bbox 846 482 917 561; x_wconf 79' lang='grc' dir='ltr'><strong><em>ὄψει</em></strong></span> <span class='ocrx_word' id='word_1_21' title='bbox 938 483 988 545; x_wconf 80' lang='grc' dir='ltr'><strong><em>καί</em></strong></span> <span class='ocrx_word' id='word_1_22' title='bbox 1011 482 1027 545; x_wconf 96' lang='lat'><em>6</em></span> <span class='ocrx_word' id='word_1_23' title='bbox 1046 481 1135 564; x_wconf 85' lang='grc' dir='ltr'><strong><em>όγκος</em></strong></span> 
     </span>
     <span class='ocr_line' id='line_1_4' title="bbox 116 580 1134 664; baseline -0.004 -19"><span class='ocrx_word' id='word_1_24' title='bbox 116 582 168 645; x_wconf 80' lang='grc' dir='ltr'><strong><em>καὶ</em></strong></span> <span class='ocrx_word' id='word_1_25' title='bbox 191 580 210 662; x_wconf 76' lang='grc' dir='ltr'>ἡ</span> <span class='ocrx_word' id='word_1_26' title='bbox 235 582 387 664; x_wconf 79' lang='grc' dir='ltr'><em>ἀναλογία,</em></span> <span class='ocrx_word' id='word_1_27' title='bbox 410 580 430 661; x_wconf 76' lang='grc' dir='ltr'>ἡ</span> <span class='ocrx_word' id='word_1_28' title='bbox 454 580 486 644; x_wconf 82' lang='grc' dir='ltr'><strong><em>δέ</em></strong></span> <span class='ocrx_word' id='word_1_29' title='bbox 509 582 636 662; x_wconf 92' lang='grc' dir='ltr'><strong><em>δύναμις</em></strong></span> <span class='ocrx_word' id='word_1_30' title='bbox 654 581 762 663; x_wconf 87' lang='grc' dir='ltr'><strong><em>ούκέτι,</em></strong></span> <span class='ocrx_word' id='word_1_31' title='bbox 785 582 862 644; x_wconf 77' lang='grc' dir='ltr'><strong><em>οὕτω</em></strong></span> <span class='ocrx_word' id='word_1_32' title='bbox 881 580 919 660; x_wconf 78' lang='grc' dir='ltr'><strong><em>δὴ</em></strong></span> <span class='ocrx_word' id='word_1_33' title='bbox 937 580 1054 642; x_wconf 78' lang='grc' dir='ltr'><strong><em>κάκεῖσε</em></strong></span> <span class='ocrx_word' id='word_1_34' title='bbox 1075 590 1134 662; x_wconf 76' lang='grc' dir='ltr'><strong><em>γῆν</em></strong></span> 
     </span>
     <span class='ocr_line' id='line_1_5' title="bbox 117 674 1134 762; baseline -0.003 -19"><span class='ocrx_word' id='word_1_35' title='bbox 117 681 197 743; x_wconf 72' lang='grc' dir='ltr'><strong><em>ἔστιν</em></strong></span> <span class='ocrx_word' id='word_1_36' title='bbox 224 681 313 762; x_wconf 75' lang='grc' dir='ltr'><strong><em>ἰδεῖν,</em></strong></span> <span class='ocrx_word' id='word_1_37' title='bbox 345 674 408 741; x_wconf 82' lang='grc' dir='ltr'><strong><em>ἀλλ’</em></strong></span> <span class='ocrx_word' id='word_1_38' title='bbox 431 678 520 743; x_wconf 79' lang='grc' dir='ltr'><strong><em>οὐδέν</em></strong></span> <span class='ocrx_word' id='word_1_39' title='bbox 547 680 674 761; x_wconf 83' lang='grc' dir='ltr'><strong><em>έχουσαν</em></strong></span> <span class='ocrx_word' id='word_1_40' title='bbox 700 688 769 761; x_wconf 78' lang='grc' dir='ltr'><strong><em>γῆς,</em></strong></span> <span class='ocrx_word' id='word_1_41' title='bbox 801 678 873 740; x_wconf 80' lang='grc' dir='ltr'><strong><em>ἀλλὰ</em></strong></span> <span class='ocrx_word' id='word_1_42' title='bbox 904 680 1001 740; x_wconf 85' lang='grc' dir='ltr'><strong><em>πάντα</em></strong></span> <span class='ocrx_word' id='word_1_43' title='bbox 1031 677 1134 759; x_wconf 83' lang='grc' dir='ltr'><strong><em>τέφρα,</em></strong></span> 
     </span>
     <span class='ocr_line' id='line_1_6' title="bbox 118 771 1175 860; baseline 0.003 -21"><span class='ocrx_word' id='word_1_44' title='bbox 118 778 215 839; x_wconf 87' lang='grc' dir='ltr'><strong><em>πάντα</em></strong></span> <span class='ocrx_word' id='word_1_45' title='bbox 245 778 367 851; x_wconf 86' lang='grc' dir='ltr'><strong><em>σποδός·</em></strong></span> <span class='ocrx_word' id='word_1_46' title='bbox 401 776 509 859; x_wconf 90' lang='grc' dir='ltr'><strong><em>δένδρα</em></strong></span> <span class='ocrx_word' id='word_1_47' title='bbox 536 778 586 839; x_wconf 83' lang='grc' dir='ltr'><strong><em>καλ</em></strong></span> <span class='ocrx_word' id='word_1_48' title='bbox 612 779 760 860; x_wconf 86' lang='grc' dir='ltr'><strong><em>καρπούς,</em></strong></span> <span class='ocrx_word' id='word_1_49' title='bbox 792 771 854 838; x_wconf 80' lang='grc' dir='ltr'><strong><em>ἀλλ’</em></strong></span> <span class='ocrx_word' id='word_1_50' title='bbox 881 774 970 839; x_wconf 84' lang='grc' dir='ltr'><strong><em>ούδέν</em></strong></span> <span class='ocrx_word' id='word_1_51' title='bbox 1002 774 1134 856; x_wconf 77' lang='grc' dir='ltr'><strong><em>δένδρων</em></strong></span> <span class='ocrx_word' id='word_1_52' title='bbox 1160 801 1175 842; x_wconf 78' lang='grc' dir='ltr'><strong><em>ε</em></strong></span> 
     </span>
     <span class='ocr_line' id='line_1_7' title="bbox 118 871 1134 957; baseline -0.003 -19"><span class='ocrx_word' id='word_1_53' title='bbox 118 874 189 938; x_wconf 79' lang='grc' dir='ltr'><strong><em>οὐδὲ</em></strong></span> <span class='ocrx_word' id='word_1_54' title='bbox 207 885 341 956; x_wconf 75' lang='grc' dir='ltr'><strong><em>καρπῶν·</em></strong></span> <span class='ocrx_word' id='word_1_55' title='bbox 361 873 433 957; x_wconf 84' lang='grc' dir='ltr'><strong><em>ἀέρα</em></strong></span> <span class='ocrx_word' id='word_1_56' title='bbox 450 874 500 937; x_wconf 83' lang='grc' dir='ltr'><strong><em>καλ</em></strong></span> <span class='ocrx_word' id='word_1_57' title='bbox 518 876 611 956; x_wconf 84' lang='grc' dir='ltr'><strong><em>ύδωρ,</em></strong></span> <span class='ocrx_word' id='word_1_58' title='bbox 628 871 692 936; x_wconf 82' lang='grc' dir='ltr'><strong><em>ἀλλ’</em></strong></span> <span class='ocrx_word' id='word_1_59' title='bbox 713 873 802 937; x_wconf 80' lang='grc' dir='ltr'><strong><em>οὐδέν</em></strong></span> <span class='ocrx_word' id='word_1_60' title='bbox 823 876 931 948; x_wconf 80' lang='grc' dir='ltr'><strong><em>ὕδατος</em></strong></span> <span class='ocrx_word' id='word_1_61' title='bbox 949 872 1019 937; x_wconf 79' lang='grc' dir='ltr'><strong><em>οὐδὲ</em></strong></span> <span class='ocrx_word' id='word_1_62' title='bbox 1037 872 1134 954; x_wconf 81' lang='grc' dir='ltr'><strong><em>ἀέρος,</em></strong></span> 
     </span>
     <span class='ocr_line' id='line_1_8' title="bbox 118 968 1135 1055; baseline 0 -20"><span class='ocrx_word' id='word_1_63' title='bbox 118 972 220 1052; x_wconf 77' lang='grc' dir='ltr'><strong><em>ἐπειδὴ</em></strong></span> <span class='ocrx_word' id='word_1_64' title='bbox 247 972 297 1034; x_wconf 84' lang='grc' dir='ltr'><strong><em>καλ</em></strong></span> <span class='ocrx_word' id='word_1_65' title='bbox 324 982 415 1034; x_wconf 85' lang='grc' dir='ltr'><strong><em>ταῦτα</em></strong></span> <span class='ocrx_word' id='word_1_66' title='bbox 442 971 644 1054; x_wconf 87' lang='grc' dir='ltr'><strong><em>τετέφρωνται.</em></strong></span> <span class='ocrx_word' id='word_1_67' title='bbox 690 982 850 1055; x_wconf 76' lang='grc' dir='ltr'><strong><em>τοιγαροῦν</em></strong></span> <span class='ocrx_word' id='word_1_68' title='bbox 876 970 966 1035; x_wconf 74' lang='grc' dir='ltr'><strong><em>οὐδὲν</em></strong></span> <span class='ocrx_word' id='word_1_69' title='bbox 992 970 1091 1053; x_wconf 74' lang='grc' dir='ltr'><strong><em>ἕτερον</em></strong></span> <span class='ocrx_word' id='word_1_70' title='bbox 1113 968 1135 1051; x_wconf 74' lang='grc' dir='ltr'><strong>ἢ</strong></span> 
     </span>
     <span class='ocr_line' id='line_1_9' title="bbox 117 1069 1135 1153; baseline -0.002 -21"><span class='ocrx_word' id='word_1_71' title='bbox 117 1071 244 1149; x_wconf 86' lang='grc' dir='ltr'><strong><em>κάμινός</em></strong></span> <span class='ocrx_word' id='word_1_72' title='bbox 261 1070 340 1132; x_wconf 87' lang='grc' dir='ltr'><strong><em>ἐστιν</em></strong></span> <span class='ocrx_word' id='word_1_73' title='bbox 359 1069 457 1151; x_wconf 83' lang='grc' dir='ltr'><strong><em>δάήρ,</em></strong></span> <span class='ocrx_word' id='word_1_74' title='bbox 475 1070 600 1151; x_wconf 81' lang='grc' dir='ltr'><strong><em>κάμινος</em></strong></span> <span class='ocrx_word' id='word_1_75' title='bbox 613 1070 646 1131; x_wconf 88' lang='grc' dir='ltr'><strong><em>τὸ</em></strong></span> <span class='ocrx_word' id='word_1_76' title='bbox 665 1070 758 1152; x_wconf 75' lang='grc' dir='ltr'><strong><em>ὕδωρ,</em></strong></span> <span class='ocrx_word' id='word_1_77' title='bbox 776 1072 873 1133; x_wconf 88' lang='grc' dir='ltr'><strong><em>πάντα</em></strong></span> <span class='ocrx_word' id='word_1_78' title='bbox 890 1069 1020 1153; x_wconf 65' lang='grc' dir='ltr'><strong><em>άκαρπα,</em></strong></span> <span class='ocrx_word' id='word_1_79' title='bbox 1038 1070 1135 1131; x_wconf 86' lang='grc' dir='ltr'><strong><em>πάντα</em></strong></span> 
     </span>
     <span class='ocr_line' id='line_1_10' title="bbox 118 1166 1135 1251; baseline -0.001 -22"><span class='ocrx_word' id='word_1_80' title='bbox 118 1167 228 1250; x_wconf 84' lang='grc' dir='ltr'><strong><em>άγονα,</em></strong></span> <span class='ocrx_word' id='word_1_81' title='bbox 259 1169 356 1229; x_wconf 83' lang='grc' dir='ltr'><strong><em>πάντα</em></strong></span> <span class='ocrx_word' id='word_1_82' title='bbox 383 1168 456 1250; x_wconf 91' lang='grc' dir='ltr'><strong><em>πρὸς</em></strong></span> <span class='ocrx_word' id='word_1_83' title='bbox 483 1170 626 1249; x_wconf 83' lang='grc' dir='ltr'><strong><em>τιμωρίαν</em></strong></span> <span class='ocrx_word' id='word_1_84' title='bbox 653 1178 706 1248; x_wconf 80' lang='grc' dir='ltr'><strong><em>τῆς</em></strong></span> <span class='ocrx_word' id='word_1_85' title='bbox 732 1169 941 1250; x_wconf 85' lang='grc' dir='ltr'><strong><em>προλαβούσης</em></strong></span> <span class='ocrx_word' id='word_1_86' title='bbox 968 1166 1058 1251; x_wconf 80' lang='grc' dir='ltr'><strong><em>ὀργῆς</em></strong></span> <span class='ocrx_word' id='word_1_87' title='bbox 1084 1166 1135 1229; x_wconf 86' lang='grc' dir='ltr'><strong><em>καλ</em></strong></span> 
     </span>
    </p>

    <p class='ocr_par' dir='ltr' id='par_1_3' title="bbox 71 1262 1271 2518">
     <span class='ocr_line' id='line_1_11' title="bbox 71 1262 1177 1346; baseline -0.002 -19"><span class='ocrx_word' id='word_1_88' title='bbox 71 1309 73 1313; x_wconf 87' lang='lat'>·</span> <span class='ocrx_word' id='word_1_89' title='bbox 118 1266 230 1339; x_wconf 79' lang='grc' dir='ltr'><strong><em>εἰκόνες</em></strong></span> <span class='ocrx_word' id='word_1_90' title='bbox 257 1276 309 1345; x_wconf 79' lang='grc' dir='ltr'><strong><em>τῆς</em></strong></span> <span class='ocrx_word' id='word_1_91' title='bbox 337 1267 498 1346; x_wconf 79' lang='grc' dir='ltr'><strong><em>μελλούσης</em></strong></span> <span class='ocrx_word' id='word_1_92' title='bbox 526 1266 680 1340; x_wconf 78' lang='grc' dir='ltr'><strong><em>κολάσεως.</em></strong></span> <span class='ocrx_word' id='word_1_93' title='bbox 726 1266 871 1346; x_wconf 74' lang='grc' dir='ltr'><strong><em>ἐννόησον</em></strong></span> <span class='ocrx_word' id='word_1_94' title='bbox 899 1268 1003 1328; x_wconf 85' lang='grc' dir='ltr'><strong><em>τοίνυν</em></strong></span> <span class='ocrx_word' id='word_1_95' title='bbox 1030 1262 1135 1344; x_wconf 79' lang='grc' dir='ltr'><strong><em>ἡλίκον</em></strong></span> <span class='ocrx_word' id='word_1_96' title='bbox 1149 1290 1177 1332; x_wconf 81' lang='lat'><strong><em>1⁰</em></strong></span> 
     </span>
     <span class='ocr_line' id='line_1_12' title="bbox 120 1360 1136 1447; baseline -0.003 -22"><span class='ocrx_word' id='word_1_97' title='bbox 120 1362 180 1425; x_wconf 75' lang='grc' dir='ltr'><strong><em>ἐστὶ</em></strong></span> <span class='ocrx_word' id='word_1_98' title='bbox 204 1363 239 1433; x_wconf 89' lang='grc' dir='ltr'><strong><em>Ιτὸ</em></strong></span> <span class='ocrx_word' id='word_1_99' title='bbox 267 1360 424 1445; x_wconf 81' lang='grc' dir='ltr'><strong><em>ἁμάρτημα</em></strong></span> <span class='ocrx_word' id='word_1_100' title='bbox 451 1362 492 1437; x_wconf 82' lang='grc' dir='ltr'><strong><em>ὡς</em></strong></span> <span class='ocrx_word' id='word_1_101' title='bbox 519 1366 684 1444; x_wconf 82' lang='grc' dir='ltr'><strong><em>βιάσασθαι</em></strong></span> <span class='ocrx_word' id='word_1_102' title='bbox 710 1364 767 1445; x_wconf 84' lang='grc' dir='ltr'><strong><em>πρὸ</em></strong></span> <span class='ocrx_word' id='word_1_103' title='bbox 797 1373 904 1447; x_wconf 82' lang='grc' dir='ltr'><strong><em>καιροῦ</em></strong></span> <span class='ocrx_word' id='word_1_104' title='bbox 931 1364 987 1443; x_wconf 79' lang='grc' dir='ltr'><strong><em>τὴν</em></strong></span> <span class='ocrx_word' id='word_1_105' title='bbox 1012 1362 1136 1446; x_wconf 84' lang='grc' dir='ltr'><strong><em>γέενναν</em></strong></span> 
     </span>
     <span class='ocr_line' id='line_1_13' title="bbox 120 1454 1135 1544; baseline 0 -22"><span class='ocrx_word' id='word_1_106' title='bbox 120 1470 264 1541; x_wconf 77' lang='grc' dir='ltr'><strong><em>φανῆναι.</em></strong></span> <span class='ocrx_word' id='word_1_107' title='bbox 309 1460 359 1523; x_wconf 80' lang='grc' dir='ltr'><strong><em>καὶ</em></strong></span> <span class='ocrx_word' id='word_1_108' title='bbox 385 1461 440 1543; x_wconf 84' lang='grc' dir='ltr'><strong><em>γὰρ</em></strong></span> <span class='ocrx_word' id='word_1_109' title='bbox 469 1462 635 1544; x_wconf 85' lang='grc' dir='ltr'><strong><em>παράδοξος</em></strong></span> <span class='ocrx_word' id='word_1_110' title='bbox 663 1454 703 1541; x_wconf 80' lang='grc' dir='ltr'><strong><em>ἦν</em></strong></span> <span class='ocrx_word' id='word_1_111' title='bbox 726 1459 742 1523; x_wconf 91' lang='lat'><em>6</em></span> <span class='ocrx_word' id='word_1_112' title='bbox 769 1461 854 1536; x_wconf 84' lang='grc' dir='ltr'><strong><em>ύετδς</em></strong></span> <span class='ocrx_word' id='word_1_113' title='bbox 880 1462 1006 1541; x_wconf 84' lang='grc' dir='ltr'><strong><em>ἐκεῖνος,</em></strong></span> <span class='ocrx_word' id='word_1_114' title='bbox 1033 1460 1135 1540; x_wconf 77' lang='grc' dir='ltr'><strong><em>ἐπειδὴ</em></strong></span> 
     </span>
     <span class='ocr_line' id='line_1_14' title="bbox 119 1557 1136 1642; baseline 0 -22"><span class='ocrx_word' id='word_1_115' title='bbox 119 1557 171 1621; x_wconf 85' lang='grc' dir='ltr'><strong><em>καλ</em></strong></span> <span class='ocrx_word' id='word_1_116' title='bbox 194 1558 274 1641; x_wconf 84' lang='grc' dir='ltr'><strong><em>παρὰ</em></strong></span> <span class='ocrx_word' id='word_1_117' title='bbox 297 1560 391 1637; x_wconf 89' lang='grc' dir='ltr'><strong><em>φύσιν</em></strong></span> <span class='ocrx_word' id='word_1_118' title='bbox 413 1558 464 1620; x_wconf 84' lang='grc' dir='ltr'><strong><em>καλ</em></strong></span> <span class='ocrx_word' id='word_1_119' title='bbox 481 1560 654 1642; x_wconf 89' lang='grc' dir='ltr'><strong><em>παράνομος</em></strong></span> <span class='ocrx_word' id='word_1_120' title='bbox 676 1558 696 1639; x_wconf 78' lang='grc' dir='ltr'>ἡ</span> <span class='ocrx_word' id='word_1_121' title='bbox 720 1561 808 1640; x_wconf 81' lang='grc' dir='ltr'><strong><em>μίξις,</em></strong></span> <span class='ocrx_word' id='word_1_122' title='bbox 830 1560 880 1621; x_wconf 83' lang='grc' dir='ltr'><strong><em>καί</em></strong></span> <span class='ocrx_word' id='word_1_123' title='bbox 897 1558 1059 1623; x_wconf 81' lang='grc' dir='ltr'><strong><em>κατέκλυσε</em></strong></span> <span class='ocrx_word' id='word_1_124' title='bbox 1081 1559 1136 1638; x_wconf 77' lang='grc' dir='ltr'><strong><em>τὴν</em></strong></span> 
     </span>
     <span class='ocr_line' id='line_1_15' title="bbox 119 1656 1137 1740; baseline 0 -21"><span class='ocrx_word' id='word_1_125' title='bbox 119 1667 190 1740; x_wconf 78' lang='grc' dir='ltr'><strong><em>γῆν,</em></strong></span> <span class='ocrx_word' id='word_1_126' title='bbox 212 1657 313 1737; x_wconf 76' lang='grc' dir='ltr'><strong><em>ἐπειδὴ</em></strong></span> <span class='ocrx_word' id='word_1_127' title='bbox 336 1657 387 1717; x_wconf 85' lang='grc' dir='ltr'><strong><em>καλ</em></strong></span> <span class='ocrx_word' id='word_1_128' title='bbox 409 1656 461 1731; x_wconf 82' lang='grc' dir='ltr'><strong><em>τὰς</em></strong></span> <span class='ocrx_word' id='word_1_129' title='bbox 483 1658 603 1721; x_wconf 83' lang='grc' dir='ltr'><strong><em>ἐκείνων</em></strong></span> <span class='ocrx_word' id='word_1_130' title='bbox 625 1656 763 1739; x_wconf 79' lang='grc' dir='ltr'><strong><em>ψυχὰςὴ</em></strong></span> <span class='ocrx_word' id='word_1_131' title='bbox 786 1657 898 1739; x_wconf 73' lang='grc' dir='ltr'><strong><em>χαλεπὴ</em></strong></span> <span class='ocrx_word' id='word_1_132' title='bbox 920 1656 972 1720; x_wconf 79' lang='grc' dir='ltr'><strong><em>καί</em></strong></span> <span class='ocrx_word' id='word_1_133' title='bbox 992 1657 1137 1739; x_wconf 78' lang='grc' dir='ltr'><strong><em>ἐπάρατος</em></strong></span> 
     </span>
     <span class='ocr_line' id='line_1_16' title="bbox 120 1750 1178 1839; baseline 0.005 -22"><span class='ocrx_word' id='word_1_134' title='bbox 120 1755 274 1835; x_wconf 78' lang='grc' dir='ltr'><strong><em>ἐπνθυμία.</em></strong></span> <span class='ocrx_word' id='word_1_135' title='bbox 320 1750 427 1817; x_wconf 79' lang='grc' dir='ltr'><strong><em>ἀλλ’δο</em></strong></span> <span class='ocrx_word' id='word_1_136' title='bbox 454 1766 507 1837; x_wconf 79' lang='grc' dir='ltr'><strong><em>τῆς</em></strong></span> <span class='ocrx_word' id='word_1_137' title='bbox 533 1758 739 1839; x_wconf 82' lang='grc' dir='ltr'><strong><em>παραπληξίας</em></strong></span> <span class='ocrx_word' id='word_1_138' title='bbox 766 1767 825 1819; x_wconf 84' lang='grc' dir='ltr'><strong><em>τῶν</em></strong></span> <span class='ocrx_word' id='word_1_139' title='bbox 851 1766 938 1819; x_wconf 73' lang='grc' dir='ltr'><strong><em>τοῦτο</em></strong></span> <span class='ocrx_word' id='word_1_140' title='bbox 964 1757 1136 1839; x_wconf 74' lang='grc' dir='ltr'><strong><em>κατεργαζο-</em></strong></span> <span class='ocrx_word' id='word_1_141' title='bbox 1150 1778 1178 1821; x_wconf 81' lang='grc' dir='ltr'><strong><em>ιτ</em></strong></span> 
     </span>
     <span class='ocr_line' id='line_1_17' title="bbox 121 1852 1136 1937; baseline -0.001 -23"><span class='ocrx_word' id='word_1_142' title='bbox 121 1852 227 1933; x_wconf 88' lang='grc' dir='ltr'><strong><em>μένων.</em></strong></span> <span class='ocrx_word' id='word_1_143' title='bbox 261 1852 312 1915; x_wconf 85' lang='grc' dir='ltr'><strong><em>καί</em></strong></span> <span class='ocrx_word' id='word_1_144' title='bbox 329 1853 384 1934; x_wconf 79' lang='grc' dir='ltr'><strong><em>γὰρ</em></strong></span> <span class='ocrx_word' id='word_1_145' title='bbox 402 1852 518 1935; x_wconf 83' lang='grc' dir='ltr'><strong><em>ἀλόγων</em></strong></span> <span class='ocrx_word' id='word_1_146' title='bbox 536 1853 725 1937; x_wconf 81' lang='grc' dir='ltr'><strong><em>ἀνοητότεροι</em></strong></span> <span class='ocrx_word' id='word_1_147' title='bbox 742 1853 793 1916; x_wconf 82' lang='grc' dir='ltr'><strong><em>καί</em></strong></span> <span class='ocrx_word' id='word_1_148' title='bbox 810 1864 912 1917; x_wconf 82' lang='grc' dir='ltr'><strong><em>κυνῶν</em></strong></span> <span class='ocrx_word' id='word_1_149' title='bbox 929 1853 1136 1934; x_wconf 77' lang='grc' dir='ltr'><strong><em>ἀναιδέστεροι.</em></strong></span> 
     </span>
     <span class='ocr_line' id='line_1_18' title="bbox 121 1948 1137 2033; baseline -0.002 -21"><span class='ocrx_word' id='word_1_150' title='bbox 121 1950 257 2031; x_wconf 78' lang='grc' dir='ltr'><strong><em>οὐδαμοῦ</em></strong></span> <span class='ocrx_word' id='word_1_151' title='bbox 280 1951 336 2033; x_wconf 82' lang='grc' dir='ltr'><strong><em>γὰρ</em></strong></span> <span class='ocrx_word' id='word_1_152' title='bbox 363 1953 485 2031; x_wconf 80' lang='grc' dir='ltr'><strong><em>τοιαύτη</em></strong></span> <span class='ocrx_word' id='word_1_153' title='bbox 509 1952 586 2031; x_wconf 83' lang='grc' dir='ltr'><strong><em>μίξις</em></strong></span> <span class='ocrx_word' id='word_1_154' title='bbox 608 1948 680 2033; x_wconf 89' lang='grc' dir='ltr'><strong><em>παρ’</em></strong></span> <span class='ocrx_word' id='word_1_155' title='bbox 700 1952 839 2033; x_wconf 82' lang='grc' dir='ltr'><strong><em>ἐκείνοις,</em></strong></span> <span class='ocrx_word' id='word_1_156' title='bbox 866 1948 929 2013; x_wconf 81' lang='grc' dir='ltr'><strong><em>ἀλλ’</em></strong></span> <span class='ocrx_word' id='word_1_157' title='bbox 950 1952 1137 2031; x_wconf 86' lang='grc' dir='ltr'><strong><em>ἐπιγινώσκει</em></strong></span> 
     </span>
     <span class='ocr_line' id='line_1_19' title="bbox 121 2047 1137 2131; baseline -0.003 -20"><span class='ocrx_word' id='word_1_158' title='bbox 121 2050 191 2123; x_wconf 80' lang='grc' dir='ltr'><strong><em>τούς</em></strong></span> <span class='ocrx_word' id='word_1_159' title='bbox 214 2050 310 2122; x_wconf 80' lang='grc' dir='ltr'><strong><em>ἰδίους</em></strong></span> <span class='ocrx_word' id='word_1_160' title='bbox 338 2050 427 2131; x_wconf 76' lang='grc' dir='ltr'><strong><em>ὅρους</em></strong></span> <span class='ocrx_word' id='word_1_161' title='bbox 452 2047 471 2129; x_wconf 81' lang='grc' dir='ltr'><em>ἡ</em></span> <span class='ocrx_word' id='word_1_162' title='bbox 495 2051 595 2127; x_wconf 87' lang='grc' dir='ltr'><strong><em>φύσις.</em></strong></span> <span class='ocrx_word' id='word_1_163' title='bbox 640 2050 764 2122; x_wconf 82' lang='grc' dir='ltr'><strong><em>τούτους</em></strong></span> <span class='ocrx_word' id='word_1_164' title='bbox 786 2048 836 2109; x_wconf 84' lang='grc' dir='ltr'><strong><em>καί</em></strong></span> <span class='ocrx_word' id='word_1_165' title='bbox 858 2047 1063 2129; x_wconf 82' lang='grc' dir='ltr'><strong><em>ἀνδροφόνων.</em></strong></span> <span class='ocrx_word' id='word_1_166' title='bbox 1080 2047 1137 2127; x_wconf 83' lang='grc' dir='ltr'><strong><em>χεί-</em></strong></span> 
     </span>
     <span class='ocr_line' id='line_1_20' title="bbox 121 2132 1138 2229; baseline -0.004 -20"><span class='ocrx_word' id='word_1_167' title='bbox 121 2171 194 2229; x_wconf 92' lang='grc' dir='ltr'><strong><em>ρους</em></strong></span> <span class='ocrx_word' id='word_1_168' title='bbox 216 2132 293 2209; x_wconf 78' lang='grc' dir='ltr'><strong><em>είναι</em></strong></span> <span class='ocrx_word' id='word_1_169' title='bbox 315 2146 398 2229; x_wconf 81' lang='grc' dir='ltr'><strong><em>λέγω,</em></strong></span> <span class='ocrx_word' id='word_1_170' title='bbox 421 2146 472 2207; x_wconf 87' lang='grc' dir='ltr'><strong><em>καλ</em></strong></span> <span class='ocrx_word' id='word_1_171' title='bbox 495 2147 565 2229; x_wconf 81' lang='grc' dir='ltr'><strong><em>ὅπερ</em></strong></span> <span class='ocrx_word' id='word_1_172' title='bbox 588 2144 627 2207; x_wconf 81' lang='grc' dir='ltr'><strong><em>διν</em></strong></span> <span class='ocrx_word' id='word_1_173' title='bbox 649 2147 744 2218; x_wconf 84' lang='grc' dir='ltr'><strong><em>εἴποις</em></strong></span> <span class='ocrx_word' id='word_1_174' title='bbox 767 2143 935 2227; x_wconf 81' lang='grc' dir='ltr'><strong><em>ἁμάρτημα,</em></strong></span> <span class='ocrx_word' id='word_1_175' title='bbox 960 2143 1050 2206; x_wconf 88' lang='grc' dir='ltr'><strong><em>ούδέν</em></strong></span> <span class='ocrx_word' id='word_1_176' title='bbox 1072 2144 1138 2206; x_wconf 87' lang='grc' dir='ltr'><strong><em>ἴσον</em></strong></span> 
     </span>
     <span class='ocr_line' id='line_1_21' title="bbox 121 2240 1271 2325; baseline -0.003 -18"><span class='ocrx_word' id='word_1_177' title='bbox 121 2245 196 2325; x_wconf 85' lang='grc' dir='ltr'><strong><em>ἐρεῖς</em></strong></span> <span class='ocrx_word' id='word_1_178' title='bbox 223 2254 276 2323; x_wconf 79' lang='grc' dir='ltr'><strong><em>τῆς</em></strong></span> <span class='ocrx_word' id='word_1_179' title='bbox 300 2245 486 2325; x_wconf 87' lang='grc' dir='ltr'><strong><em>παρανομίας</em></strong></span> <span class='ocrx_word' id='word_1_180' title='bbox 512 2244 629 2322; x_wconf 88' lang='grc' dir='ltr'><strong><em>ταύτης.</em></strong></span> <span class='ocrx_word' id='word_1_181' title='bbox 676 2240 692 2303; x_wconf 98' lang='lat'><em>6</em></span> <span class='ocrx_word' id='word_1_182' title='bbox 716 2241 770 2322; x_wconf 82' lang='grc' dir='ltr'><strong><em>μέν</em></strong></span> <span class='ocrx_word' id='word_1_183' title='bbox 791 2242 848 2325; x_wconf 81' lang='grc' dir='ltr'><strong><em>γὰρ</em></strong></span> <span class='ocrx_word' id='word_1_184' title='bbox 870 2241 1060 2325; x_wconf 79' lang='grc' dir='ltr'><strong><em>ἀνδροφόνος</em></strong></span> <span class='ocrx_word' id='word_1_185' title='bbox 1081 2241 1137 2320; x_wconf 74' lang='grc' dir='ltr'><strong><em>τὴν</em></strong></span> <span class='ocrx_word' id='word_1_186' title='bbox 1151 2267 1178 2307; x_wconf 83' lang='grc' dir='ltr'><strong><em>ιο</em></strong></span> <span class='ocrx_word' id='word_1_187' title='bbox 1191 2262 1271 2307; x_wconf 71' lang='grc' dir='ltr'><strong><em>τιτλε</em></strong></span> 
     </span>
     <span class='ocr_line' id='line_1_22' title="bbox 122 2333 1139 2423; baseline -0.004 -20"><span class='ocrx_word' id='word_1_188' title='bbox 122 2341 226 2421; x_wconf 79' lang='grc' dir='ltr'><strong><em>φυγὴν</em></strong></span> <span class='ocrx_word' id='word_1_189' title='bbox 245 2340 303 2402; x_wconf 83' lang='grc' dir='ltr'><strong><em>ἀπὸ</em></strong></span> <span class='ocrx_word' id='word_1_190' title='bbox 322 2350 375 2402; x_wconf 83' lang='grc' dir='ltr'><strong><em>τοῦ</em></strong></span> <span class='ocrx_word' id='word_1_191' title='bbox 394 2341 527 2419; x_wconf 85' lang='grc' dir='ltr'><strong><em>σώματος</em></strong></span> <span class='ocrx_word' id='word_1_192' title='bbox 545 2340 692 2423; x_wconf 74' lang='grc' dir='ltr'><strong><em>ἐχώρισεν,</em></strong></span> <span class='ocrx_word' id='word_1_193' title='bbox 714 2333 802 2413; x_wconf 74' lang='grc' dir='ltr'><strong><em>οὗτος</em></strong></span> <span class='ocrx_word' id='word_1_194' title='bbox 820 2338 852 2401; x_wconf 83' lang='grc' dir='ltr'><strong><em>δέ</em></strong></span> <span class='ocrx_word' id='word_1_195' title='bbox 870 2339 925 2419; x_wconf 72' lang='grc' dir='ltr'><strong><em>τὴν</em></strong></span> <span class='ocrx_word' id='word_1_196' title='bbox 946 2340 1050 2419; x_wconf 72' lang='grc' dir='ltr'><strong><em>ψυχὴν</em></strong></span> <span class='ocrx_word' id='word_1_197' title='bbox 1068 2338 1139 2418; x_wconf 82' lang='grc' dir='ltr'><strong><em>μετὰ</em></strong></span> 
     </span>
     <span class='ocr_line' id='line_1_23' title="bbox 123 2429 1138 2518; baseline -0.003 -18"><span class='ocrx_word' id='word_1_198' title='bbox 123 2448 177 2501; x_wconf 82' lang='grc' dir='ltr'><strong><em>τοῦ</em></strong></span> <span class='ocrx_word' id='word_1_199' title='bbox 204 2438 337 2517; x_wconf 81' lang='grc' dir='ltr'><strong><em>σώματος</em></strong></span> <span class='ocrx_word' id='word_1_200' title='bbox 362 2436 519 2500; x_wconf 84' lang='grc' dir='ltr'><strong><em>ἀπώλεσεν.</em></strong></span> <span class='ocrx_word' id='word_1_201' title='bbox 564 2439 662 2501; x_wconf 84' lang='grc' dir='ltr'><strong><em>κόθεν</em></strong></span> <span class='ocrx_word' id='word_1_202' title='bbox 690 2429 746 2499; x_wconf 89' lang='grc' dir='ltr'><strong><em>ούν</em></strong></span> <span class='ocrx_word' id='word_1_203' title='bbox 772 2436 877 2518; x_wconf 84' lang='grc' dir='ltr'><strong><em>ἐτέχθη</em></strong></span> <span class='ocrx_word' id='word_1_204' title='bbox 900 2437 933 2499; x_wconf 91' lang='grc' dir='ltr'><strong><em>τδ</em></strong></span> <span class='ocrx_word' id='word_1_205' title='bbox 957 2435 1030 2518; x_wconf 86' lang='grc' dir='ltr'><strong><em>μέγα</em></strong></span> <span class='ocrx_word' id='word_1_206' title='bbox 1052 2445 1138 2498; x_wconf 83' lang='grc' dir='ltr'><strong><em>τοῦτο</em></strong></span> 
     </span>
    </p>
   </div>
   <div class='ocr_carea' id='block_1_3' title="bbox 123 2634 1140 2921">
    <p class='ocr_par' dir='ltr' id='par_1_4' title="bbox 123 2634 1140 2921">
     <span class='ocr_line' id='line_1_24' title="bbox 197 2634 1140 2707; baseline -0.002 -17"><span class='ocrx_word' id='word_1_207' title='bbox 197 2640 311 2690; x_wconf 77' lang='lat'>10-15</span> <span class='ocrx_word' id='word_1_208' title='bbox 331 2634 471 2704; x_wconf 75' lang='lat' dir='ltr'><strong>chrysost.</strong></span> <span class='ocrx_word' id='word_1_209' title='bbox 490 2634 572 2690; x_wconf 88' lang='lat' dir='ltr'><strong>Hom.</strong></span> <span class='ocrx_word' id='word_1_210' title='bbox 591 2636 621 2689; x_wconf 88' lang='lat' dir='ltr'><strong><em>in</em></strong></span> <span class='ocrx_word' id='word_1_211' title='bbox 639 2636 719 2690; x_wconf 85' lang='lat' dir='ltr'><strong>Rom.</strong></span> <span class='ocrx_word' id='word_1_212' title='bbox 739 2642 756 2689; x_wconf 85' lang='lat'>4</span> <span class='ocrx_word' id='word_1_213' title='bbox 774 2652 815 2705; x_wconf 77' lang='lat' dir='ltr'><strong><em>cp.</em></strong></span> <span class='ocrx_word' id='word_1_214' title='bbox 835 2640 859 2689; x_wconf 78' lang='lat'><strong><em>8.</em></strong></span> <span class='ocrx_word' id='word_1_215' title='bbox 882 2634 979 2705; x_wconf 79' lang='lat' dir='ltr'><strong>Migne</strong></span> <span class='ocrx_word' id='word_1_216' title='bbox 997 2634 1075 2707; x_wconf 83' lang='lat' dir='ltr'><strong>Tom.</strong></span> <span class='ocrx_word' id='word_1_217' title='bbox 1095 2639 1140 2701; x_wconf 81' lang='lat'><strong><em>60,</em></strong></span> 
     </span>
     <span class='ocr_line' id='line_1_25' title="bbox 123 2706 1138 2777; baseline -0.005 -14"><span class='ocrx_word' id='word_1_218' title='bbox 123 2713 178 2763; x_wconf 79' lang='lat'><strong><em>420</em></strong></span> <span class='ocrx_word' id='word_1_219' title='bbox 187 2708 254 2762; x_wconf 81' lang='lat' dir='ltr'><em>med.</em></span> <span class='ocrx_word' id='word_1_220' title='bbox 277 2739 310 2749; x_wconf 93' lang='grc'>-</span> <span class='ocrx_word' id='word_1_221' title='bbox 336 2712 449 2763; x_wconf 77' lang='lat'>15-18</span> <span class='ocrx_word' id='word_1_222' title='bbox 469 2707 535 2762; x_wconf 79' lang='grc' dir='ltr'><strong><em>ι’όίδ.</em></strong></span> <span class='ocrx_word' id='word_1_223' title='bbox 550 2706 650 2777; x_wconf 75' lang='lat' dir='ltr'><strong><em>paullo</em></strong></span> <span class='ocrx_word' id='word_1_224' title='bbox 670 2713 741 2776; x_wconf 76' lang='grc' dir='ltr'><strong><em>μοτό.</em></strong></span> <span class='ocrx_word' id='word_1_225' title='bbox 761 2738 794 2747; x_wconf 94' lang='grc'>-</span> <span class='ocrx_word' id='word_1_226' title='bbox 815 2712 929 2762; x_wconf 80' lang='lat'>18-22</span> <span class='ocrx_word' id='word_1_227' title='bbox 948 2708 984 2762; x_wconf 85' lang='grc' dir='ltr'><strong><em>ι’ό,</em></strong></span> <span class='ocrx_word' id='word_1_228' title='bbox 1003 2724 1043 2776; x_wconf 80' lang='grc' dir='ltr'><strong><em>οφ.</em></strong></span> <span class='ocrx_word' id='word_1_229' title='bbox 1064 2706 1138 2773; x_wconf 67' lang='grc' dir='ltr'><strong><em>λβκ.</em></strong></span> 
     </span>
     <span class='ocr_line' id='line_1_26' title="bbox 123 2778 1139 2849; baseline -0.005 -16"><span class='ocrx_word' id='word_1_230' title='bbox 123 2780 221 2849; x_wconf 80' lang='lat' dir='ltr'>Migne</span> <span class='ocrx_word' id='word_1_231' title='bbox 239 2784 290 2832; x_wconf 84' lang='lat'><strong><em>419</em></strong></span> <span class='ocrx_word' id='word_1_232' title='bbox 302 2779 369 2833; x_wconf 78' lang='lat' dir='ltr'><strong><em>med.</em></strong></span> <span class='ocrx_word' id='word_1_233' title='bbox 388 2779 485 2833; x_wconf 78' lang='lat' dir='ltr'><strong><em>ordine</em></strong></span> <span class='ocrx_word' id='word_1_234' title='bbox 507 2780 621 2834; x_wconf 74' lang='lat' dir='ltr'><strong><em>inverso.</em></strong></span> <span class='ocrx_word' id='word_1_235' title='bbox 645 2810 679 2819; x_wconf 94' lang='lat'><em>—</em></span> <span class='ocrx_word' id='word_1_236' title='bbox 703 2785 810 2848; x_wconf 74' lang='lat'><strong><em>22-12.</em></strong></span> <span class='ocrx_word' id='word_1_237' title='bbox 829 2783 926 2847; x_wconf 81' lang='lat'><em>648‚5</em></span> <span class='ocrx_word' id='word_1_238' title='bbox 949 2778 985 2833; x_wconf 76' lang='grc' dir='ltr'><strong><em>ιλ).</em></strong></span> <span class='ocrx_word' id='word_1_239' title='bbox 1004 2795 1045 2847; x_wconf 76' lang='grc' dir='ltr'><strong><em>ιγ.</em></strong></span> <span class='ocrx_word' id='word_1_240' title='bbox 1065 2778 1139 2843; x_wconf 69' lang='grc' dir='ltr'><strong><em>οῇκ.</em></strong></span> 
     </span>
     <span class='ocr_line' id='line_1_27' title="bbox 124 2850 369 2921; baseline -0.004 -16"><span class='ocrx_word' id='word_1_241' title='bbox 124 2851 220 2921; x_wconf 81' lang='lat' dir='ltr'>Migne</span> <span class='ocrx_word' id='word_1_242' title='bbox 238 2855 292 2903; x_wconf 78' lang='lat'><strong><em>420</em></strong></span> <span class='ocrx_word' id='word_1_243' title='bbox 301 2850 369 2905; x_wconf 84' lang='lat' dir='ltr'><strong><em>med.</em></strong></span> 
     </span>
    </p>
   </div>
   <div class='ocr_carea' id='block_1_4' title="bbox 124 3013 1142 3429">
    <p class='ocr_par' dir='ltr' id='par_1_5' title="bbox 124 3013 1142 3429">
     <span class='ocr_line' id='line_1_28' title="bbox 197 3013 1139 3141; baseline -0.005 -67"><span class='ocrx_word' id='word_1_244' title='bbox 197 3024 213 3074; x_wconf 85' lang='grc'><strong>6</strong></span> <span class='ocrx_word' id='word_1_245' title='bbox 231 3018 335 3083; x_wconf 85' lang='grc' dir='ltr'><strong><em>ύδατος</em></strong></span> <span class='ocrx_word' id='word_1_246' title='bbox 352 3018 401 3073; x_wconf 85' lang='grc' dir='ltr'><strong><em>καλ</em></strong></span> <span class='ocrx_word' id='word_1_247' title='bbox 417 3016 501 3087; x_wconf 81' lang='grc' dir='ltr'><strong><em>ἀέρος</em></strong></span> <span class='ocrx_word' id='word_1_248' title='bbox 513 3018 572 3073; x_wconf 83' lang='lat' dir='ltr'><strong><em>RV.</em></strong></span> <span class='ocrx_word' id='word_1_249' title='bbox 588 3050 621 3059; x_wconf 88' lang='lat'>—</span> <span class='ocrx_word' id='word_1_250' title='bbox 642 3024 656 3073; x_wconf 85' lang='grc' dir='ltr'><strong><em>’ί</em></strong></span> <span class='ocrx_word' id='word_1_251' title='bbox 677 3018 774 3086; x_wconf 82' lang='grc' dir='ltr'><strong><em>ἐπειδὴ</em></strong></span> <span class='ocrx_word' id='word_1_252' title='bbox 794 3018 843 3072; x_wconf 87' lang='grc' dir='ltr'><strong><em>καλ</em></strong></span> <span class='ocrx_word' id='word_1_253' title='bbox 860 3024 950 3071; x_wconf 80' lang='grc' dir='ltr'><strong><em>ταῦτα</em></strong></span> <span class='ocrx_word' id='word_1_254' title='bbox 963 3015 1016 3069; x_wconf 88' lang='grc' dir='ltr'><strong><em>ΒΙ)</em></strong></span> <span class='ocrx_word' id='word_1_255' title='bbox 1029 3013 1139 3141; x_wconf 50' lang='lat' dir='ltr'><strong><em>gneum</em></strong></span> 
     </span>
     <span class='ocr_line' id='line_1_29' title="bbox 124 3086 1141 3180; baseline -0.007 -34"><span class='ocrx_word' id='word_1_256' title='bbox 124 3091 178 3161; x_wconf 83' lang='grc' dir='ltr'><strong><em>γάρ</em></strong></span> <span class='ocrx_word' id='word_1_257' title='bbox 197 3092 246 3145; x_wconf 86' lang='grc' dir='ltr'><strong><em>καλ</em></strong></span> <span class='ocrx_word' id='word_1_258' title='bbox 259 3090 384 3180; x_wconf 81' lang='grc' dir='ltr'><strong><em>τμύταΡ</em></strong></span> <span class='ocrx_word' id='word_1_259' title='bbox 406 3091 456 3144; x_wconf 85' lang='grc' dir='ltr'><strong><em>καλ</em></strong></span> <span class='ocrx_word' id='word_1_260' title='bbox 473 3090 527 3159; x_wconf 83' lang='grc' dir='ltr'><strong><em>γάρ</em></strong></span> <span class='ocrx_word' id='word_1_261' title='bbox 542 3091 591 3143; x_wconf 86' lang='grc' dir='ltr'><strong><em>καλ</em></strong></span> <span class='ocrx_word' id='word_1_262' title='bbox 606 3098 695 3145; x_wconf 80' lang='grc' dir='ltr'><strong><em>ταῦτα</em></strong></span> <span class='ocrx_word' id='word_1_263' title='bbox 710 3089 784 3160; x_wconf 82' lang='lat' dir='ltr'><strong>Chr.)</strong></span> <span class='ocrx_word' id='word_1_264' title='bbox 807 3088 905 3157; x_wconf 75' lang='grc' dir='ltr'><strong><em>ἐπειδὴ</em></strong></span> <span class='ocrx_word' id='word_1_265' title='bbox 922 3096 1017 3178; x_wconf 52' lang='grc' dir='ltr'><strong><em>ταῦταἱ</em></strong></span> <span class='ocrx_word' id='word_1_266' title='bbox 1054 3086 1141 3176; x_wconf 53' lang='grc' dir='ltr'><strong><em>ρίῖδλί</em></strong></span> 
     </span>
     <span class='ocr_line' id='line_1_30' title="bbox 124 3157 1140 3303; baseline -0.006 -16"><span class='ocrx_word' id='word_1_267' title='bbox 124 3157 1140 3303; x_wconf 40' lang='lat' dir='ltr'><strong><em>{3:36620263262215264{Affvffiffsssszssssasso‘iss6¹66?</em></strong></span> 
     </span>
     <span class='ocr_line' id='line_1_31' title="bbox 124 3298 1142 3429; baseline -0.005 -71"><span class='ocrx_word' id='word_1_268' title='bbox 124 3310 213 3429; x_wconf 51' lang='lat' dir='ltr'><strong><em>{Ple</em></strong></span> <span class='ocrx_word' id='word_1_269' title='bbox 233 3305 281 3429; x_wconf 70' lang='grc' dir='ltr'><strong><em>κρλ</em></strong></span> <span class='ocrx_word' id='word_1_270' title='bbox 299 3302 480 3429; x_wconf 44' lang='grc' dir='ltr'><strong><em>γάὲέέόγμργ</em></strong></span> <span class='ocrx_word' id='word_1_271' title='bbox 498 3303 574 3357; x_wconf 82' lang='lat' dir='ltr'><strong><em>BPR</em></strong></span> <span class='ocrx_word' id='word_1_272' title='bbox 592 3304 641 3357; x_wconf 87' lang='grc' dir='ltr'><strong><em>καλ</em></strong></span> <span class='ocrx_word' id='word_1_273' title='bbox 659 3302 712 3373; x_wconf 82' lang='grc' dir='ltr'><strong><em>γὰρ</em></strong></span> <span class='ocrx_word' id='word_1_274' title='bbox 733 3302 782 3357; x_wconf 82' lang='grc' dir='ltr'><strong><em>καὶ</em></strong></span> <span class='ocrx_word' id='word_1_275' title='bbox 805 3302 848 3356; x_wconf 86' lang='grc' dir='ltr'><strong><em>άλ.</em></strong></span> <span class='ocrx_word' id='word_1_276' title='bbox 865 3300 925 3354; x_wconf 81' lang='lat' dir='ltr'>rell.</span> <span class='ocrx_word' id='word_1_277' title='bbox 949 3332 984 3341; x_wconf 92' lang='lat'>—</span> <span class='ocrx_word' id='word_1_278' title='bbox 1009 3306 1041 3354; x_wconf 83' lang='lat'><strong><em>19</em></strong></span> <span class='ocrx_word' id='word_1_279' title='bbox 1061 3298 1142 3368; x_wconf 84' lang='grc' dir='ltr'><strong><em>είπης</em></strong></span> 
     </span>
    </p>

    <p class='ocr_par' dir='ltr' id='par_1_6' title="bbox 178 3392 479 3429">
     <span class='ocr_line' id='line_1_32' title="bbox 178 3392 479 3429; baseline 0 0"><span class='ocrx_word' id='word_1_280' title='bbox 178 3418 183 3429; x_wconf 92' lang='grc'><em>.</em></span> <span class='ocrx_word' id='word_1_281' title='bbox 204 3406 237 3415; x_wconf 98' lang='grc'><strong>-</strong></span> <span class='ocrx_word' id='word_1_282' title='bbox 269 3392 318 3429; x_wconf 89' lang='grc' dir='ltr'><strong><em>σον</em></strong></span> <span class='ocrx_word' id='word_1_283' title='bbox 474 3418 479 3429; x_wconf 92' lang='grc'><em>.</em></span> 
     </span>
    </p>
   </div>
   <div class='ocr_carea' id='block_1_5' title="bbox 126 3538 1224 3685">
    <p class='ocr_par' dir='ltr' id='par_1_7' title="bbox 126 3538 1224 3685">
     <span class='ocr_line' id='line_1_33' title="bbox 199 3538 1167 3611; baseline -0.004 -15"><span class='ocrx_word' id='word_1_284' title='bbox 199 3548 214 3596; x_wconf 83' lang='lat'><strong>5</strong></span> <span class='ocrx_word' id='word_1_285' title='bbox 233 3543 326 3599; x_wconf 86' lang='grc' dir='ltr'><strong><em>πάντα</em></strong></span> <span class='ocrx_word' id='word_1_286' title='bbox 341 3540 445 3607; x_wconf 85' lang='grc' dir='ltr'><strong><em>σποδός</em></strong></span> <span class='ocrx_word' id='word_1_287' title='bbox 461 3560 511 3599; x_wconf 86' lang='lat' dir='ltr'><strong><em>om.</em></strong></span> <span class='ocrx_word' id='word_1_288' title='bbox 526 3542 620 3597; x_wconf 83' lang='lat' dir='ltr'><strong>Pchr.</strong></span> <span class='ocrx_word' id='word_1_289' title='bbox 637 3574 671 3583; x_wconf 90' lang='lat'>—</span> <span class='ocrx_word' id='word_1_290' title='bbox 687 3548 721 3597; x_wconf 84' lang='grc'><strong><em>16</em></strong></span> <span class='ocrx_word' id='word_1_291' title='bbox 734 3542 802 3598; x_wconf 64' lang='lat' dir='ltr'><strong><em>Posi</em></strong></span> <span class='ocrx_word' id='word_1_292' title='bbox 820 3538 1064 3611; x_wconf 78' lang='grc' dir='ltr'><strong><em>κατεργαζομένων</em></strong></span> <span class='ocrx_word' id='word_1_293' title='bbox 1081 3538 1142 3593; x_wconf 75' lang='lat' dir='ltr'><strong><em>alia</em></strong></span> <span class='ocrx_word' id='word_1_294' title='bbox 1165 3604 1167 3608; x_wconf 88' lang='lat'>.</span> 
     </span>
     <span class='ocr_line' id='line_1_34' title="bbox 126 3611 1224 3685; baseline -0.003 -16"><span class='ocrx_word' id='word_1_295' title='bbox 126 3614 262 3685; x_wconf 75' lang='lat' dir='ltr'><strong><em>quaedam</em></strong></span> <span class='ocrx_word' id='word_1_296' title='bbox 279 3615 343 3669; x_wconf 82' lang='grc' dir='ltr'><strong><em>αάά.</em></strong></span> <span class='ocrx_word' id='word_1_297' title='bbox 358 3614 388 3668; x_wconf 91' lang='grc' dir='ltr'><strong><em>Ρ.</em></strong></span> <span class='ocrx_word' id='word_1_298' title='bbox 408 3646 442 3655; x_wconf 88' lang='grc'>-</span> <span class='ocrx_word' id='word_1_299' title='bbox 463 3620 496 3669; x_wconf 88' lang='grc'><strong><em>18</em></strong></span> <span class='ocrx_word' id='word_1_300' title='bbox 514 3614 631 3677; x_wconf 80' lang='grc' dir='ltr'><strong><em>τούτους</em></strong></span> <span class='ocrx_word' id='word_1_301' title='bbox 649 3614 703 3685; x_wconf 81' lang='grc' dir='ltr'><strong><em>ἐγὼ</em></strong></span> <span class='ocrx_word' id='word_1_302' title='bbox 721 3614 770 3668; x_wconf 87' lang='grc' dir='ltr'><strong><em>καλ</em></strong></span> <span class='ocrx_word' id='word_1_303' title='bbox 788 3611 882 3667; x_wconf 84' lang='lat' dir='ltr'><strong>Pchr.</strong></span> <span class='ocrx_word' id='word_1_304' title='bbox 1222 3629 1224 3632; x_wconf 85' lang='lat'>·</span> 
     </span>
    </p>
   </div>
   <div class='ocr_carea' id='block_1_6' title="bbox 0 0 1326 3909">
    <p class='ocr_par' dir='ltr' id='par_1_8' title="bbox 0 0 1326 3909">
     <span class='ocr_line' id='line_1_35' title="bbox 0 0 1326 3909; baseline 0 0"><span class='ocrx_word' id='word_1_305' title='bbox 0 0 1326 3909; x_wconf 95' lang='lat' dir='ltr'><strong><em> </em></strong></span> 
     </span>
    </p>
   </div>
  </div>
 </body>
</html>
