2617 3909
513 237 703 289 XPONIKON
1049 233 1113 298 491

93 387 127 448 ἕν
156 396 195 471 τῆ
226 385 308 447 πόλει
334 392 373 471 τῷ
398 385 552 465 φυσήματι
576 384 627 445 καὶ
650 387 773 464 μάλιστα
795 384 865 460 τοῦς
887 386 1004 459 παῖδας.
1049 385 1116 466 περί

93 479 132 547 οὗ
156 507 239 559 τινες
262 495 320 546 τῶν
341 484 551 564 ἑλληνιζόντιον
568 482 744 558 ἀξιώσαντες
762 483 813 548 τὸν
832 489 919 545 θεῖον
937 485 1117 566 Σίλβεστρον

93 578 199 645 εἷπον·
224 584 357 664 κάτελθε,
380 576 403 644 ἀι
422 582 571 663 ἐπίσκοπε,
594 582 669 663 πρὸς
687 583 738 645 τὸν
757 583 904 663 δράκοντα
921 580 971 642 καί
989 582 1123 659 ποίησον.
1218 604 1221 609 ·

93 682 138 755 εἰς
162 681 199 742 τὸ
224 679 318 760 όνομα
341 690 394 742 τοῦ
416 686 491 743 θεοῦ
515 699 570 742 σου
589 681 727 761 σχολάσαι
750 680 842 742 αὐτὸν
865 679 913 742 ἐπί
935 680 1042 761 χρόνον
1065 677 1117 740 ἕνα

94 787 150 857 τῆς
186 784 309 859 φθορᾶς
340 788 399 840 τῶν
431 777 617 861 ἀνθρώπων,
649 778 699 840 καί
730 779 905 858 πιστεύομεν
934 778 1041 851 πάντες
1067 776 1117 838 καί
1144 797 1156 837 ε

94 875 314 955 βαπτιζόμεθα.
359 874 431 938 δδὲ
454 878 630 957 Σίλβεστρος
657 876 810 939 κατελθὼν
837 875 887 937 καί
915 876 1047 937 οἰκίσκον
1070 900 1117 955 μι-

95 974 173 1054 κρὸν
200 972 296 1055 εὑρὼν
319 974 421 1055 ἔχοντα
443 975 544 1057 θύραν
567 980 689 1056 χαλκῆν,
711 974 788 1036 ἔνθα
806 971 822 1034 δ
841 975 959 1057 δροίκαυ
977 973 1117 1054 ὑπῆρχεν,

95 1071 148 1133 καὶ
177 1071 291 1150 ταύτην
317 1071 366 1134 ἐπί
393 1079 432 1157 τῷ
458 1069 580 1152 ὀνόματι
603 1076 734 1152 Χριστοῦ
761 1074 877 1145 κλείσας
898 1071 949 1132 καί
971 1071 1118 1152 ἀνελθών,

95 1168 202 1232 οὐκέτι
225 1170 350 1250 ἐξῆλθεν
373 1167 389 1232 δ
412 1171 539 1251 δράκοον.
576 1168 758 1248 διελθόντων
776 1168 808 1230 δὲ
827 1171 942 1250 χρόνων
960 1168 994 1250 β’
1011 1171 1118 1243 πάντες

95 1268 129 1328 οί
150 1267 261 1349 πρώην
285 1267 334 1328 διὰ
356 1274 474 1329 θυσιῶν
497 1267 549 1330 τὸν
572 1261 722 1350 δράκοντα
736 1267 951 1348 θεραπεύοντες
968 1267 1019 1328 καὶ
1036 1266 1118 1329 ἀλλοι
1133 1290 1158 1330 ιο

18 1419 21 1428 .
97 1364 210 1427 πολλοί
232 1366 446 1447 προσελθόντες
468 1371 507 1449 τῷ
527 1363 600 1451 ἁγίῳ
624 1363 791 1451 Σιλβέστρφ
814 1364 1011 1445 ἐβαπτίζοντο.

172 1467 235 1525 Τοῦ
258 1461 290 1525 δὲ
313 1466 401 1525 θείου
423 1464 653 1524 Κωνσταντίνου
681 1464 935 1544 συναθροίσαντος
955 1456 1119 1535 Ἰουδαίους

97 1561 192 1643 ἱερεῖς
214 1583 243 1622 τε
265 1560 316 1622 καί
338 1567 515 1644 γραμματεῖς
532 1558 582 1643 ρκ’
600 1560 675 1643 πρὸς
696 1560 728 1621 τὸ
748 1562 941 1642 διαλεχθῆναι
959 1559 1030 1639 μετὰ
1048 1565 1119 1621 Σιλ-

97 1657 230 1740 βέστρου
257 1659 300 1732 είς
326 1661 437 1721 τελείαν
465 1658 633 1740 φανίρεοσιν
660 1667 713 1738 τῆς
740 1657 884 1739 ἀληθείας
910 1657 960 1719 καί
982 1659 1025 1731 εἰς
1046 1657 1119 1719 ἀνα-

97 1755 219 1838 τροπὴν
241 1766 294 1836 τῆς
313 1750 480 1838 Ἰουδαϊκῆς
502 1756 710 1838 ἀναισχυντίας
730 1756 780 1818 καὶ
803 1758 964 1838 φλυαρίας,
988 1762 1119 1837 συνῆλθε
1134 1779 1159 1820 ιε

98 1865 186 1916 πᾶσα
209 1853 312 1935 σχεδὸν
335 1851 354 1933 ἡ
378 1855 462 1929 πόλις
489 1855 659 1936 ἔμπροσθεν
681 1864 734 1916 τοῦ
757 1853 898 1934 βασιλέως
919 1853 1045 1915 ἀκοῦσαι
1067 1864 1119 1934 τῆς

100 1951 259 2027 διαλέξεως
290 1951 466 2034 ἀμφοτέρων
497 1953 564 2035 περί
594 1963 648 2033 τῆς
675 1957 804 2034 Χριστοῦ
833 1954 965 2026 πίστεως.
1009 1951 1060 2013 καὶ
1090 1954 1123 2013 οί

101 2047 159 2129 μὲν
178 2044 319 2112 Ἰουδαῖοι
342 2049 510 2133 ἀπήρξαντο
533 2051 607 2132 πρὸς
626 2052 805 2135 Σίλβεστρον
823 2051 901 2112 οῦτεο
919 2048 1024 2131 λέγειν’
1048 2050 1119 2110 ποία

100 2148 210 2232 γραφὴ
231 2147 298 2229 περὶ
315 2157 368 2210 τοῦ
386 2150 456 2210 υίοῦ
474 2158 527 2229 τῆς
545 2149 670 2229 Μαρίας
688 2154 838 2230 προεῖπεν,
856 2146 906 2208 καί
924 2154 1010 2220 ποῖος
1028 2147 1119 2209 αὐτόν

101 2246 264 2328 προφήτης
287 2243 327 2320 όος
349 2246 423 2308 θεὸν
446 2246 479 2308 ἐκ
497 2247 621 2327 Μαρίας
639 2246 857 2327 χεννησόμενον
874 2245 1118 2327 προανῆγχειλενς
1133 2270 1159 2310 το

103 2340 121 2403 δ
155 2333 189 2405 δὲ
221 2345 396 2426 Σίλβεστρος
428 2342 603 2424 ἀποκριθεὶς
634 2338 728 2406 εἶπεν·
764 2344 844 2405 πάνυ
875 2349 1045 2424 πλανᾶσθε,
1078 2344 1118 2422 μὴ

103 2440 216 2513 εἰδότες
238 2439 361 2520 ἀληθῶς
383 2440 435 2516 τὰς
456 2439 574 2524 γραφὰς
596 2441 668 2521 μήτε
690 2441 746 2521 τὴν
768 2441 801 2503 ἐν
823 2441 926 2516 αὐταῖς
948 2440 1120 2523 ἐγκειμένην

105 2539 253 2618 μυστικὴν
285 2539 485 2601 διδασκαλίαν.
535 2538 601 2620 περί
631 2539 688 2622 χάρ
719 2540 799 2612 τίνος
831 2538 847 2601 δ
880 2538 969 2622 μίχας
995 2535 1120 2613 Ἡσαΐας

105 2630 201 2697 εἶπεν·
226 2635 292 2697 ίδοὺ
315 2634 334 2716 ἡ
358 2635 509 2719 παρθένος
532 2637 565 2699 ἐν
582 2636 684 2718 γαστρί
702 2635 759 2710 ἕξει
776 2637 826 2699 καί
844 2636 952 2712 τέξεται
969 2639 1048 2718 υἱόν,
1070 2637 1120 2698 καί

120 2821 123 2826 ·
181 2813 285 2861 12-23
299 2807 367 2862 Vita
381 2807 407 2862 S.
423 2807 550 2862 silvestri
563 2809 603 2863 ed.
619 2807 756 2863 Combefis
767 2827 796 2879 μ.
812 2815 872 2865 293.
888 2842 923 2849 -
937 2816 1043 2878 23-12.
1058 2814 1119 2876 492,

109 2885 142 2932 11
154 2879 290 2934 Athanas.
300 2880 335 2933 de
345 2879 537 2949 inoarn.cp.33
547 2879 643 2950 Migne
652 2880 731 2934 Tom.
742 2881 880 2948 25‚153A.
892 2913 925 2921 -
936 2887 970 2934 24
979 2880 1034 2934 Jes.
1044 2885 1068 2948 ἵ,
1077 2885 1118 2933 14.

181 3044 232 3110 8χ
233 3047 328 3109 ριστοῦ
346 3038 425 3093 DPV
447 3047 497 3094 τοῦ
515 3037 655 3108 κυρίουάἹ
677 3049 728 3095 τοῦ
751 3049 864 3110 χριστοῦ
885 3039 1005 3094 rell.—
1029 3045 1063 3093 14
1081 3039 1122 3102 είς

108 3117 173 3166 οπλα
190 3059 263 3166 ἀνάτ
264 3110 354 3200 ροπὴν
373 3127 423 3166 om
443 3110 600 3164 VLRV.-
620 3117 653 3166 17
672 3120 723 3167 τοῦ
741 3120 854 3184 χριστοῦ
872 3111 949 3166 ADV
967 3127 1017 3166 ονε
1036 3110 1066 3165 P.
1086 3143 1119 3152 -

111 3185 144 3235 18
158 3180 205 3251 λέχ
206 3201 248 3236 ειν
262 3179 350 3245 οὕτως
362 3179 432 3235 1⁴¹⁰
398 3201 487 3244 ουτως
500 3199 550 3237 οκι
560 3181 639 3236 Ρ
654 3183 719 3236 20
703 3203 741 3244 ως
753 3183 825 3239 θεὸν
839 3200 889 3238 om.
904 3182 984 3237 AV
969 3204 1007 3247 ως
1023 3199 1074 3238 om
1086 3182 1119 3235 Β

110 3203 264 3308 -ίκγΜα
266 3249 590 3324 ρίας]ἐκθεοῦΑοκι.
609 3254 701 3308 Β.-
724 3273 791 3324 ε
793 3252 846 3323 σό
847 3254 980 3310 ενονΒΡ
1002 3260 1120 3309 atroce.

110 3323 227 3393 quidam
248 3274 532 3394 χεννηθῆναιλά-
560 3331 594 3378 22
618 3325 733 3395 ἀληθῶς
773 3326 894 3397 ἀκριβῶς
916 3326 939 3378 Β
962 3342 1012 3380 om.
1032 3326 1061 3379 P.
1086 3357 1119 3365 -

110 3399 145 3448 23
164 3393 179 3449 δ
198 3393 283 3464 μίχας
300 3412 350 3450 ουτ.
365 3395 473 3448 ΡΒ-
492 3394 593 3465 ἠσαίας
611 3395 627 3451 ό
644 3415 684 3463 πρ
777 3396 838 3460 ςΒ.

184 3550 217 3598 10
235 3547 305 3617 τιοδ
305 3545 512 3614 ράκοντιΡσ-
530 3552 562 3602 15
577 3548 631 3617 ἀν
633 3547 729 3603 λθεΡ
746 3547 908 3648 -ῦ1ὁδέ
894 3547 951 3618 χε
965 3545 1121 3619 σιλβεστρος
1237 3598 1244 3620 ,
1286 3520 1287 3527 ¹

113 3615 180 3686 ἔφη·
199 3619 364 3672 πλανᾶσθαι
381 3618 451 3688 μηδὲ
470 3616 575 3682 εἰδότες
592 3567 631 3673 Ru
