2617 3909
549 242 738 303 xpomon
1080 240 1144 306 627

396 403 458 488 [ιζ’.
491 406 580 489 Περί
602 402 889 489 Ἰοῦστινιανοῦ]

205 532 294 594 Μετὰ
326 529 358 593 δὲ
383 525 543 594 Ἰοοστῖνον
574 532 760 612 ἐβασίλευσεν
790 526 997 606 Ἰοῦστινιανὸς
1027 532 1205 612 &mmm
1218 554 1249 593 οι

139 629 232 693 αὐτοῦ
263 630 312 709 ἔτη
344 626 406 692 λό’.
460 626 493 704 ὃς
525 628 719 703 ἀνακαινίσας
741 630 804 710 την
836 631 965 713 μεγάλην
996 629 1152 711 ἐκκλησίαν

137 729 259 807 Σοφίαν
286 729 329 801 είς
355 728 461 802 κάλλος
489 727 539 789 καί
567 726 693 810 μέγεθος
719 728 861 812 πρότερον
890 733 1062 790 κτισθεῖσαν
1091 727 1151 789 ῦπὸ

137 828 350 889 Κωνσταντίοο
369 826 438 888 οἱοῦ
461 834 514 889 τοῦ
533 826 661 908 μεγάλου
679 827 908 889 Κωνσταντίνοῦ
930 825 1081 909 παρέδωκε
1102 826 1152 887 καί
1177 848 1191 890 ο

136 924 279 1006 τροποίριν
306 924 339 986 ἐν
368 932 403 1009 τῇ
427 923 564 1008 ἐκκλησίᾳ
591 924 773 1004 ψάλλεσθαι,
800 916 838 986 οό
864 922 884 1004 ἡ
907 924 994 1006 ἀρχή·
1022 922 1039 986 ό
1062 947 1152 1004 μονο-

137 1022 226 1104 χενης
248 1022 315 1095 υίὸς
337 1020 388 1082 καλ
410 1020 496 1102 λόχος
519 1029 572 1082 τοῦ
595 1026 678 1082 θεοῦ.
719 1018 769 1100 ἐφ’
790 1015 826 1083 οῦ
849 1018 869 1101 ἡ
889 1018 1049 1103 Ἀντιόχεια
1074 1025 1152 1085 Θεοῦ
1165 1036 1204 1077 617
1217 1035 1249 1077 1

136 1120 221 1193 πόλις
255 1117 364 1202 ἤρξατο
400 1117 690 1202 προσαγορεύεσθαι,
721 1118 771 1179 καί
803 1116 822 1198 η
854 1118 1014 1199 όπαπαντη
1049 1119 1152 1201 ἔλαβεν

137 1216 231 1299 ἀρχὴν
254 1214 454 1299 ἕορτάζεσθαι·
486 1216 551 1296 ἥτις
579 1215 634 1277 οῦκ
657 1216 735 1277 ἔστιν
761 1216 935 1299 ἐναρίθμιος
961 1222 1024 1290 ταῖς
1046 1218 1152 1279 δεσπο-

136 1320 231 1388 τικαῖς
253 1312 374 1398 ἑορταῖς.
1164 1338 1191 1379 ιο

199 1407 306 1494 Ὁ-γάρ
325 1433 369 1472 τοι
388 1416 471 1484 θεῖος
490 1409 704 1492 Χροσόστομος
723 1413 799 1474 οότω
818 1410 904 1493 λέχει·
927 1411 961 1473 ἐν
977 1413 1012 1486 ἓξ
1030 1409 1152 1496 ἡμέραις

137 1508 274 1589 ἐποίησεν
302 1506 318 1569 ό
341 1508 413 1581 θεὸς
439 1506 475 1569 τὰ
497 1508 567 1591 ἔργα
596 1508 690 1571 αὐτοῦ
717 1510 828 1590 πάντα,
854 1508 958 1584 καθὼς
984 1509 1152 1593 γέγραπται,

136 1616 172 1692 τῇ
205 1605 237 1669 δὲ
264 1604 293 1681 ζ’
315 1604 503 1668 κατέπαυσεν.
553 1605 600 1668 διὸ
632 1606 683 1668 καί
714 1602 762 1669 ἐπ’
791 1607 913 1689 ἐσχάτου
943 1618 1003 1669 τῶν
1033 1605 1153 1692 ἡμερῶν

136 1702 153 1766 ό
180 1713 233 1767 τοῦ
260 1710 335 1766 θεοῦ
365 1704 451 1786 λόχος
477 1706 599 1786 ζητῆσαι
630 1704 681 1766 καί
704 1715 796 1767 σῶσαι
824 1706 857 1768 τὸ
885 1704 1036 1780 ἀπολωλὸς
1063 1706 1150 1769 εὐδο-

134 1802 229 1882 κήσας
251 1802 301 1877 καί
324 1801 560 1884 ἐνανθρωπήσας
584 1803 636 1865 τόν
655 1802 747 1865 αὐτὸν
768 1803 879 1885 τρόπον
901 1803 975 1864 κατὰ
992 1804 1044 1867 τὸν
1062 1803 1151 1887 ἀριθ-
1164 1824 1190 1867 ιο

136 1900 193 1980 μὸν
224 1910 283 1963 τῶν
314 1897 432 1983 ἡμερῶν
466 1910 519 1982 τῆς
546 1904 740 1981 κοσμοποιλας
771 1901 823 1975 τὰς
850 1900 951 1983 ἑορτὰς
981 1899 1151 1983 παρέδωκεν

135 1994 208 2077 ἡμῖν
231 2007 283 2079 τῆς
306 1998 399 2061 αὐτοῦ
423 1999 601 2078 οἰκονομίας.
648 2000 750 2081 πρώτη
774 1996 828 2077 μὲν
851 1989 907 2059 οὖν
929 1997 989 2058 ἔστι
1015 1996 1065 2058 καλ
1086 1997 1150 2080 ῥίζα

136 2105 195 2158 τῶν
218 2094 327 2178 ἑορτῶν
348 2100 478 2177 Χριστοῦ
502 2092 521 2175 ἡ
546 2095 620 2157 κατὰ
642 2096 737 2176 σόρκα
759 2095 792 2156 ἐκ
813 2104 866 2175 τῆς
888 2093 974 2176 ἁγίας
995 2092 1150 2177 παρθένου

135 2194 261 2275 Μαρίας
293 2193 362 2272 μετὰ
389 2193 445 2271 την
473 2193 622 2272 σύλληψιν
654 2189 806 2274 γέννησις,
837 2190 956 2273 δευτέρα
983 2189 1016 2253 δὲ
1042 2189 1062 2270 ἡ
1087 2190 1150 2253 ίπι-
1249 2269 1253 2274 ν

207 2377 277 2425 3-4
291 2372 326 2439 cf.
338 2371 393 2426 Leo
404 2370 524 2425 Gramm.
531 2388 560 2441 p.
573 2376 633 2438 126,
644 2376 686 2425 18.
697 2403 731 2413 -
742 2376 810 2426 5-7
821 2370 945 2441 Theoph.
950 2388 980 2441 p.
988 2376 1050 2439 218,
1057 2376 1099 2426 28.
1115 2403 1148 2411 -

136 2448 205 2496 7-8
220 2442 344 2512 Theoph.
356 2460 385 2512 p.
405 2448 465 2512 178,
481 2447 496 2496 7
511 2441 599 2497 Οτιιοο.
612 2443 665 2497 An.
679 2442 706 2497 II
720 2461 751 2513 χ).
767 2447 827 2510 110,
842 2448 867 2497 8.
882 2475 915 2483 -
935 2448 1004 2497 8-9
1023 2442 1149 2513 Theoph.

135 2531 165 2584 ρ,
181 2518 242 2581 222,
256 2518 291 2567 23
310 2512 398 2568 Oram.
413 2515 466 2568 An.
501 2557 506 2568 .
523 2519 582 2579 110,
599 2519 639 2568 17.
660 2546 693 2555 -
714 2518 933 2585 11-ρ.628,12
953 2512 1093 2583 chrysost.
1109 2531 1147 2568 or.

139 2602 214 2710 spui.
229 2586 259 2639 in
274 2601 378 2640 ascens.
393 2584 439 2639 IV.
488 2586 555 2657 igne
568 2584 645 2640 Tom.
662 2591 703 2651 52,
720 2590 778 2640 799.
794 2617 828 2625 -
848 2590 880 2639 11
896 2585 1097 2655 Exod.20,11.
1114 2616 1148 2625 -

139 2662 173 2711 ιο
213 2673 256 2711 uo.
273 2662 315 2725 19,
330 2661 371 2711 ιο.

207 2804 222 2851 8
242 2796 273 2863 ὃς
290 2799 340 2853 καί
358 2795 545 2863 ἀνακαινίσας
558 2797 644 2853 BRV.
661 2831 694 2839 —
713 2806 731 2853 4
748 2800 819 2867 ὑπὲρ
836 2800 869 2854 τό
883 2797 1019 2869 πρότερον
1033 2798 1096 2853 Leo.
1113 2830 1146 2838 —

134 2875 151 2927 ῦ
166 2878 217 2925 τοῦ
231 2869 352 2960 μεχολλοα
366 2866 574 2925 κονσταντίνοο
587 2868 670 2923 ΒΝΡ
683 2875 709 2926 et
722 2887 791 2926 τοοο.
806 2871 922 2939 quidam
940 2867 1147 2925 κωνσταντίνοα

135 2950 185 2997 τοῦ
204 2944 324 3012 μεχαλοα
342 2940 475 2995 AGEGV
492 2946 518 2997 et
537 2958 607 2997 rece.
623 2940 680 2996 2111
700 2972 734 2983 -
754 2947 770 2996 6
789 2942 925 3011 τροπόριν
943 2940 1021 2995 ΑΒΡ
1042 2939 1147 3009 τροντοί-

135 3068 188 3119 ρην
204 3048 234 3102 Μ
252 3046 405 3117 τροποίριον
425 3045 556 3102 OEGLV
573 3013 630 3117 τότό)
640 3048 701 3103 BR.
722 3080 755 3088 -
776 3053 790 3102 7
807 3049 959 3111 ῦεοόπολις
974 3045 1029 3100 ΕΝ
1048 3062 1099 3101 om.
1114 3046 1145 3101 B.

132 3150 168 3161 -
192 3125 224 3175 11
249 3118 321 3174 οῦτω
344 3136 395 3176 οτι.
414 3120 439 3172 A
458 3120 502 3188 (ef.
523 3120 602 3189 infra
624 3120 681 3176 lect.
704 3120 762 3176 οοιλ
781 3118 821 3189 Ρ).
846 3150 882 3159 -
906 3124 939 3174 18
962 3113 1008 3173 ἐπ’
1030 3116 1147 3191 ἐσχάτου

134 3189 271 3245 OEGNP
281 3189 343 3245 chs.
364 3186 410 3244 ἐπ’
426 3189 549 3260 ἐσχάτων
569 3190 685 3262 (ἐταισχ.
705 3191 741 3262 A)
759 3189 870 3245 ABRV.
889 3222 924 3229 -
949 3194 982 3242 1ῦ
1000 3188 1147 3257 ἐνανθρω-

132 3259 218 3323 κίσας
236 3260 325 3385 ΘΝΕ.
352 3293 384 3301 -
406 3265 439 3314 17
460 3256 511 3315 οῦν
529 3278 578 3317 om.
599 3260 656 3316 RV.
682 3294 715 3303 -
741 3265 774 3314 18
794 3269 907 3332 χριστοῦ
925 3259 1072 3316 ABPchs.
1095 3268 1146 3315 τοῦ

131 3340 245 3403 χριστοῦ
262 3348 293 3386 re
317 3374 323 3387 .

105 3472 107 3476 ’
204 3479 218 3527 7
244 3474 258 3529 ἐ
283 3470 292 3493 ’
318 3469 352 3528 οὗ
376 3474 424 3528 καλ
450 3472 468 3543 ἡ
491 3473 521 3527 P.
550 3505 583 3515 —
613 3480 628 3527 9
651 3482 707 3529 τῶν
731 3476 903 3529 δεσποτικῶν
928 3474 1031 3544 ἑορτῶν
1053 3473 1083 3528 Ρ.
1111 3504 1144 3513 -

134 3551 167 3671 ΙΞ
186 3494 372 3670 χρχσόρχομός
395 3562 494 3616 φησιν·
521 3544 551 3601 όν
575 3544 602 3611 ἓξ
625 3541 724 3601 τοίνυν
745 3544 791 3616 ἡμ.
809 3545 839 3606 Ρ,
864 3577 898 3587 -
923 3550 956 3601 17
979 3546 1029 3601 καὶ
1051 3545 1145 3615 πρώτη

134 3636 153 3684 μ
168 3636 185 3670 ν
203 3634 218 3669 ο
238 3636 254 3671 ν
297 3660 302 3670 .
