2617 3909
188 230 253 294 476
501 231 688 284 ΓΕΩΡΓΙΟΤ
705 231 889 283 Momm*

188 379 309 462 λογικὴν
336 379 386 442 καί
416 378 578 441 ὰθοίνατον.
624 377 675 440 καί
701 376 784 441 ὰλλοι
811 378 865 458 μὲν
892 378 981 439 ττὰλιν
1007 379 1051 452 εἰς
1075 380 1130 441 δύο
1154 380 1211 443 τὰν

188 477 240 540 ἕνα
258 479 388 560 Χριστὸν
412 475 600 556 διατέμνουσι
623 476 673 537 καὶ
695 474 793 559 ἕτερον
816 476 870 557 μὲν
892 471 970 539 εἶναι
991 477 1210 557 διατεινόμενοι

187 577 239 639 τὸν
262 575 294 637 ἔτι
317 573 472 657 παρθένου
495 574 634 656 τεχθέντα
654 577 768 650 τελείως
786 574 960 657 ὰνθραττον,
983 574 1082 658 ἕτερον
1101 573 1133 636 δὲ
1152 575 1209 637 τὸν

186 674 219 736 έκ
242 680 317 735 θεοῦ
340 672 449 755 πατρὸς
471 675 575 755 λόχον,
601 673 652 735 τιαί
674 673 726 735 τὸν
749 672 803 754 μὲν
826 672 867 748 ὡς
889 671 1053 756 ὰνθροοττον
1077 674 1139 758 ι’δίμ
1162 697 1206 734 τι-

160 771 290 844 εθὲντες
316 771 366 832 καί
394 770 452 833 ἀνὰ
475 771 576 854 μέρος,
604 773 655 834 τὸν
678 770 711 834 δὲ
733 770 774 846 ὡς
797 771 871 834 θεὸν
894 772 984 850 φύσει
1005 795 1036 833 τε
1058 770 1108 833 καὶ
1131 769 1204 850 ὰλη-

88 887 126 926 ³⁶9
140 885 171 924 M.
186 876 252 942 θῶς
279 870 347 931 υίὸν
374 867 580 948 ὀνομάζουσιν.
624 867 707 930 ὰλλοι
730 867 763 931 δὲ
785 869 1031 952 τταρατετρὰφθαι
1053 868 1129 948 φασί
1151 868 1206 930 τὸν

187 966 220 1028 ἐκ
247 972 322 1028 θεοῦ
350 966 460 1048 πατρὸς
487 968 575 1048 λόχον
602 967 644 1040 εἰς
672 965 781 1029 ὀστέων
808 967 858 1028 καί
884 968 999 1049 νεύρων
1021 966 1072 1029 καί
1094 967 1206 1050 σαριιὰς

187 1064 289 1144 φύσιν.

497 1160 565 1243 [με’.
598 1161 687 1244 Περὶ
713 1162 887 1241 Ταιιίτου.]

147 1293 173 1362 το
255 1296 342 1358 Μετὰ
365 1294 397 1358 δὲ
421 1296 620 1379 Αὐριλλιανὰν
643 1295 810 1377 ἐβασίλευσε
836 1296 958 1370 Τὰιιιτος
981 1305 1078 1375 μῆνας
1096 1293 1129 1366 ς’
1151 1294 1204 1356 καί

188 1393 303 1476 ἕσφοίχχ
326 1393 385 1456 ὑπὸ
411 1397 590 1475 Φλοριανοῦ.

468 1585 544 1670 [μς’.
577 1587 665 1669 Περὶ
691 1584 918 1670 Φλοριανοῦ]

254 1721 341 1784 Μετὰ
369 1720 400 1785 δὲ
427 1723 552 1784 Τὰκιτον
579 1721 746 1803 ἐβασίλευσε
772 1723 938 1803 Φλοριανδς
966 1734 1062 1803 μῆνας
1090 1721 1123 1804 β’
1150 1723 1202 1785 καὶ
1295 1722 1296 1739 ’

185 1819 300 1901 εὀφὰχη
324 1819 383 1882 ὑπὸ
406 1830 459 1882 τοῦ
483 1822 615 1902 Πρόβου.

145 2042 171 2084 τε
498 2015 568 2098 [ρξ’.
601 2017 690 2098 Περὶ
714 2013 884 2099 Πρόβου]

85 2168 125 2208 ιτο
138 2167 167 2207 τι
251 2151 340 2213 Μετὰ
354 2150 385 2214 δὲ
402 2153 571 2235 Φλοριανὸν
585 2152 752 2232 ἐβασίλευσε
767 2152 888 2233 Πρόβος
902 2151 951 2230 ἔτη
970 2148 1002 2221 ς’
1016 2150 1067 2213 καί
1081 2151 1200 2234 ἐσφάγη

184 2248 243 2312 ὑπὸ
267 2259 319 2312 τοῦ
341 2251 455 2333 Κοίρου.

503 2381 582 2466 [μηῖ
615 2383 704 2465 Περὶ
725 2381 869 2465 Κάρου]

250 2515 338 2577 Μετὰ
362 2515 394 2578 δὲ
412 2517 536 2599 Πρόβον
558 2516 726 2599 ἐβασίλευσε
744 2517 845 2597 Κὰρος
867 2516 931 2590 ἔτος
947 2518 985 2578 δν
1007 2515 1058 2578 καὶ
1079 2517 1198 2599 ἐσφάγη

144 2639 170 2679 ιο
183 2613 242 2676 ὑπὸ
265 2623 319 2676 τοῦ
340 2616 484 2696 Καρίνου.

256 2811 268 2858 1
289 2803 339 2874 μὲν
353 2804 504 2858 ABPExc.
519 2821 569 2860 om.
581 2805 612 2858 R.
637 2805 669 2859 δὲ
687 2803 747 2858 rell.
763 2836 798 2845 -
817 2810 833 2856 2
852 2803 902 2873 μὲν
916 2820 966 2858 om.
983 2803 1042 2858 RV.
1058 2835 1092 2844 -
1112 2809 1128 2858 5
1148 2806 1197 2859 καλ

182 2876 240 2930 ἀνὰ
258 2875 341 2946 μέρος
354 2876 504 2931 ABPExc.
524 2877 573 2930 καὶ
591 2893 640 2932 ουτ.
655 2875 716 2930 rell.
736 2908 769 2915 -
791 2880 824 2928 10
843 2875 1022 2943 αδριλλιανδν
1041 2874 1197 2931 ODEFPV

182 2954 208 3002 et
225 2951 295 3004 rece.
310 2948 427 3018 quidam
450 2947 637 3018 αὰρηλλιανὰν
655 2964 726 3002 rece.
744 2946 794 2999 alii
817 2946 1038 3016 αὰριλληανδνΙτ
1062 2948 1196 3017 αὰρηλια·

182 3019 233 3074 νὰν
256 3020 279 3074 Β
305 3020 470 3089 αδριλιανὰν
486 3021 511 3072 Α
535 3020 721 3088 οδαλεριανὰν
737 3018 774 3071 Μ.
793 3049 825 3058 -
851 3016 969 3087 τὰκητος
987 3017 1124 3072 BLMRV
1146 3018 1195 3073 τοί-

182 3107 274 3153 κιοτος
296 3091 325 3147 P.
353 3124 388 3132 —
418 3096 449 3146 11
477 3095 638 3161 φλωριανοῦ
663 3089 744 3143 BRV
766 3092 941 3157 φλουριανου
962 3088 988 3142 A
1019 3090 1196 3159 εἰτοιίίλενριιο

181 3167 371 3226 ου.136116.1
394 3194 427 3204 -
452 3168 485 3216 13
508 3161 630 3232 τὰνητον
652 3160 796 3216 BLMRV.
819 3192 855 3200 —
880 3166 912 3214 14
934 3159 990 3214 ὰττδ
1012 3169 1063 3214 τοῦ
1085 3160 1140 3227 ττρό
1160 3181 1195 3216 ου

181 3233 256 3286 ΑΒΡ
274 3241 324 3287 τοῦ
343 3250 392 3288 om.
407 3233 468 3288 rell.
489 3267 521 3274 -
543 3240 575 3288 17
589 3233 645 3288 ὑπὸ
659 3242 710 3287 τοῦ
724 3231 814 3300 κοίρου
823 3231 949 3285 ABELP
961 3238 986 3287 ελ
996 3247 1067 3286 rece.
1078 3233 1127 3300 qui

182 3312 231 3358 τοῦ
250 3320 300 3360 om.
311 3303 371 3360 rell.
391 3336 425 3344 -
445 3310 479 3358 20
498 3305 553 3359 διττὰ
572 3313 622 3359 τοῦ
641 3302 760 3371 ιαρίνου
778 3303 854 3356 ABP
876 3311 927 3357 τοῦ
946 3320 995 3358 om.
1010 3303 1070 3356 rell.

253 3478 269 3526 8
288 3474 355 3529 Post
374 3473 459 3541 φύσιν
473 3473 496 3525 Ρ
510 3472 589 3527 μοδελ·
608 3471 696 3535 οὕτως
713 3471 731 3541 ἡ
751 3469 899 3541 φιλοδοξία
917 3472 966 3526 καί
981 3469 1115 3542 φιλαρχία
1128 3473 1194 3535 τοὺς

181 3546 327 3606 τοιούτους
344 3543 447 3599 είοιθεν
466 3543 505 3605 εἰς
524 3542 643 3612 αἱρέσεις
666 3543 715 3596 καί
734 3541 872 3612 πολέμους
889 3540 1049 3613 διεγείρειν,
1071 3544 1135 3612 περὶ
1154 3539 1193 3600 ὦν

183 3634 268 3685 φησιν
288 3614 303 3670 ὁ
322 3614 408 3686 μέγας
425 3611 556 3682 ἰσίδωρος
572 3615 637 3682 περὶ
656 3611 807 3684 φιλαρχίας
824 3612 918 3684 λέγων.
