2617 3909
532 203 720 252 XPONJKON
1068 201 1132 266 783

108 345 298 428 προῦθηκαν
330 348 365 409 τά
392 347 594 428 ὑπεσχημένα,
627 358 680 428 τῆς
709 348 852 430 ἀκριβοῦς
884 349 933 410 καί
966 347 1132 432 όρθοδόξον

108 447 241 518 πίστεως
263 443 350 525 ἡμῶν
372 447 428 525 τὴν
446 444 582 526 άρνησιν,
605 456 665 508 τῶν
688 449 781 508 θείων
805 447 929 510 εἰκόνων
952 449 1007 528 τὴν
1026 449 1133 510 καθαί-

109 562 212 625 ρεσιν,
239 554 299 605 τῶν
320 544 525 624 εὐσεβούντων
547 544 603 623 τὴν
626 546 737 620 δίωξιν.
783 545 832 606 καί
856 547 950 618 ούτως
977 546 1019 618 είς
1041 544 1133 626 ἀκρον

110 643 275 723 εὐημερίας
297 643 419 721 ἐλάσεις,
442 645 547 722 φησίν,
570 640 611 716 ὡς
628 641 679 704 καί
697 641 746 704 ἐττί
764 648 900 704 ττλτῖστον
923 642 972 704 καὶ
991 644 1134 722 μήκιστον

108 740 225 822 χρόνον
252 741 308 820 τὴν
334 750 490 821 παροῦσαν
522 742 615 821 ζωήν,
648 741 676 802 εἰ
701 742 754 802 καί
779 764 823 814 τις
852 739 953 820 ἀλλος,
986 741 1133 802 διανύσαι.
1162 767 1173 804 τ

109 839 237 912 ταύταις
259 831 316 900 ούν
342 838 393 900 καί
420 845 483 912 ταῖς
505 840 654 912 τοιαύταις
682 837 830 919 ὀλεθρίοις
857 838 984 912 ἀπάταις
1011 863 1134 916 φενακι-

48 977 52 980 ·
109 938 201 1010 σθεὶς
220 936 236 999 ὁ
256 937 450 1018 ματαιόφρων
473 937 522 998 καί
540 938 696 1016 κτηνώδης
714 936 765 997 καί
782 937 920 1017 καθάπερ
938 929 977 1015 ἦν
996 937 1134 1017 εἰδεχθὴς

108 1035 166 1096 καὶ
198 1035 407 1108 δυσέντευκτος
438 1035 488 1096 καὶ
519 1035 575 1114 τὴν
602 1034 679 1097 θίαν
711 1035 896 1116 αἰσχρότερος
927 1028 969 1116 (εἰ
998 1035 1053 1116 γὰρ
1085 1034 1135 1096 καί

109 1132 263 1196 λεόντειον
289 1131 421 1212 τούνομα
448 1134 609 1212 ττιθήιιεων
636 1134 669 1196 τὸ
692 1128 888 1216 βλεπόμενον)
916 1135 1027 1216 γίνεται
1055 1158 1135 1212 ‹potv-
1150 1149 1189 1189 τεο
1205 1147 1235 1188 Μ.

110 1229 232 1314 λότερος
259 1233 312 1294 τὸν
336 1232 461 1311 τρόπον,
493 1233 694 1314 σοβαρώτερος
721 1232 754 1292 τὸ
782 1225 875 1312 ἦθος,
903 1231 1136 1313 θηριωδέστερος
1150 1255 1176 1294 ιο

110 1331 172 1408 τὴν
194 1331 333 1411 γνώμην,
360 1329 521 1403 ἀτίθασσος
543 1329 599 1409 τὴν
623 1327 734 1410 ὁρμήν,
759 1329 925 1402 ἀκάθεκτος
947 1329 998 1391 καί
1021 1329 1135 1392 ἀνυπό-

111 1447 221 1501 στατος
243 1426 294 1488 καὶ
316 1426 534 1509 ἀλογιστότερός
556 1451 585 1488 τε
608 1428 659 1488 καὶ
677 1426 902 1509 ἐμβριθέστερος
925 1427 974 1488 καί
997 1451 1135 1509 τυραννι-

110 1527 250 1607 κώτερος.
295 1523 516 1607 ἀναπτερωθεὶς
543 1524 599 1605 γὰρ
622 1524 639 1587 δ
662 1526 789 1599 δείλαιος
815 1524 866 1586 καί
892 1527 1075 1606 ταλαίπωρος
1098 1535 1133 1610 τῇ

112 1624 339 1707 ψευδομαντείγ
362 1623 412 1684 καὶ
435 1625 529 1708 βουλῇ
553 1633 612 1684 τῶν
635 1622 793 1703 ἀλιτηρίων
820 1623 942 1685 ἐκείνων
967 1623 1062 1696 οὕτως
1084 1623 1134 1684 ἐττ-

112 1714 303 1805 ανατείνεταιζ
328 1721 402 1782 κατά
428 1726 559 1803 Χριστοῦ
586 1722 637 1784 τόν
666 1723 803 1801 πόλεμον.
848 1721 898 1783 καὶ
929 1732 1047 1802 πρῶτον
1081 1720 1135 1800 μὲν
1151 1744 1176 1784 ιτ

112 1825 198 1882 κινεῖ
215 1820 289 1881 κατὰ
311 1830 371 1882 τῶν
393 1822 480 1902 ἱερῶν
503 1822 659 1902 δογμάτων
682 1818 768 1900 ἡμῶν
790 1820 845 1899 τὴν
868 1821 1018 1900 θεομάγον
1041 1825 1133 1901 γλῶσ-

112 1938 189 1997 σαν,
221 1918 320 1979 ἔπειτα
351 1917 383 1980 δὲ
410 1922 495 1998 ζηλοῖ
523 1918 681 1980 κάνταῦθα
710 1918 762 1980 τὸν
790 1917 1019 1997 δυσσεβέστοιτον
1048 1921 1136 1978 Κων-

113 2022 273 2078 σταντῐνον
298 2014 349 2076 καί
372 2015 482 2094 ὁμοίως
504 2015 650 2095 ἀθροίσας
677 2017 812 2097 ττονηρόν
835 2039 864 2076 τε
894 2015 944 2076 καί
971 2014 1137 2096 ἀγυρτῶδες

113 2115 320 2197 ἐργαστήριον,
339 2119 450 2192 μᾶλλον
468 2112 501 2175 δὲ
515 2115 671 2176 ίονδαῑκὸν
689 2112 857 2195 συνέδριον,
876 2106 912 2174 ού
931 2112 981 2174 καί
995 2113 1137 2193 σύνεδρος

113 2212 168 2274 καί
195 2211 339 2292 πρόεδρος
362 2210 378 2273 ὁ
401 2210 550 2292 ἐξάγιστος
575 2212 749 2294 γενόμενος,
777 2208 879 2291 δρᾶται
906 2211 995 2272 ττάλιν
1023 2210 1055 2272 ἐν
1078 2216 1140 2294 ναῷ
1152 2233 1178 2271 ιο

113 2311 225 2391 κυρίου
252 2309 285 2371 τὸ
313 2306 463 2390 βδέλυγμα
492 2319 545 2388 τῆς
572 2309 760 2392 ἐρημώσεως,
788 2308 838 2369 καί
870 2307 1018 2389 ἀνοίγεται
1045 2309 1138 2387 στόμα

115 2413 229 2470 λαλοῦν
251 2407 361 2489 μεγάλα
388 2405 461 2466 κατὰ
484 2416 537 2486 τῆς
560 2408 649 2486 δόξης
673 2409 778 2490 κυρίου
806 2406 856 2467 καί
878 2405 953 2468 κατὰ
975 2417 1027 2486 τῆς
1050 2408 1137 2479 θείας

116 2507 292 2584 οἰκονομίας
315 2510 578 2585 μεγαλορημονοῦν
600 2505 651 2565 καὶ
669 2504 928 2585 ἀλαζονευόμενον.
970 2503 1019 2566 καί
1043 2505 1137 2577 ούτως

117 2602 135 2665 δ
117 2604 298 2734 δεύτερος
317 2603 461 2680 Καιάφας
488 2601 558 2681 μετά
581 2613 634 2683 της
656 2603 850 2683 χριστομάγου
875 2602 1036 2682 σπείραςέ
1036 2604 1137 2680 κείνης

193 2789 227 2836 80
246 2783 374 2851 Dan.12‚
391 2789 487 2836 11.-
506 2791 537 2835 21
559 2782 630 2836 Dan.
647 2789 671 2850 7,
687 2789 716 2848 8;
731 2788 773 2836 20.

194 2951 207 2996 1
232 2944 268 2996 ἀκ
270 2945 366 3015 ριβοῦς
389 2944 437 2996 καί
460 2943 519 3013 (καί
542 2960 592 2996 om.
614 2941 707 3010 OEN)
734 2941 893 3011 όρθοδόξου
918 2940 1036 3004 πίστεως
1060 2941 1139 3010 ἡμῶν

119 3014 250 3069 AOELN
273 3015 408 3085 ἀκριβοῦς
426 3034 454 3068 τι.
474 3014 519 3082 ἡμ.
542 3015 590 3068 καί
614 3012 773 3081 όρθοδόξου
792 3015 818 3067 R
841 3015 967 3082 ἀληθοῦς
989 3014 1038 3068 καί
1060 3015 1139 3080 ἀκρι-

122 3089 191 3158 βοῦς
209 3084 369 3153 όρθοδόξον
387 3104 416 3138 π.
436 3087 481 3154 ἡμ.
498 3086 522 3138 V
546 3085 705 3152 ὀρθοδόξου
725 3087 772 3140 καί
791 3087 926 3174 ἀκριβοῦς
944 3105 972 3139 ιτ.
993 3084 1039 3154 ἡμ.
1055 3084 1085 3138 Β.
1106 3117 1138 3124 -

121 3155 302 3224 θόλεθρίαις
320 3156 441 3210 AM—
465 3155 626 3211 θλεόντιον
645 3156 866 3210 ΑΟΕΙιΜίπ-
888 3157 920 3211 τὸ
940 3156 1030 3225 ὄνομα
1048 3156 1082 3210 N.
1107 3189 1140 3196 -

120 3229 258 3297 τιιθήιιιον
277 3227 406 3282 ABCLV
428 3225 539 3297 τνθίκη
540 3248 573 3301 ον
596 3229 691 3281 M.-
718 3233 749 3281 12
774 3229 823 3281 καί
846 3236 909 3283 ante
932 3227 1141 3296 ἀλογιοτότερος

121 3317 172 3354 ωτι.
192 3300 303 3354 BLNV
327 3331 362 3339 —
380 3318 410 3354 τε
432 3316 483 3353 οκι.
502 3300 594 3352 R.-
623 3306 657 3353 14
681 3302 765 3371 βουλῇ
787 3299 860 3352 ABV
883 3299 1006 3371 ύττοβολὴ
1030 3300 1052 3352 L
1080 3299 1139 3354 ἐντι-

123 3373 208 3442 βουίῇ
226 3371 337 3425 rell.—
354 3377 387 3424 15
405 3370 478 3423 κατά
492 3372 627 3442 Χριστοῦ]
646 3372 695 3424 καὶ
712 3372 782 3443 ταχύ
798 3370 850 3424 ΟΒ
867 3372 916 3425 καὶ
930 3391 999 3440 ταχι
1001 3391 1043 3424 υει
1058 3370 1090 3423 V
1108 3402 1139 3409 -

125 3441 584 3510 181νινοτίιοίενάιεικιτοοά
599 3442 681 3494 Β
697 3393 780 3496 17δέ
798 3443 1032 3510 καίζηλοῐδ-
1053 3446 1086 3494 19
1106 3437 1139 3496 ού

126 3512 175 3565 AN
198 3505 283 3585 Am.
307 3512 357 3568 AG
381 3512 396 3566 δ
416 3512 528 3565 RV.-
548 3519 583 3566 20
601 3512 782 3581 πρόεδρος-
794 3513 906 3585 οίκῳμ.
923 3519 982 3578 786,
999 3519 1032 3566 14
1050 3530 1102 3567 om.
1117 3512 1140 3565 E

123 3587 265 3651 οωιοῙοίίο
283 3586 472 3640 intercisam-
492 3590 524 3636 21
545 3582 688 3653 ἀνοίγεται
707 3584 792 3640 πάλιν
812 3567 898 3655 στόμα
916 3585 949 3639 A.

178 3683 725 3733 ogiuheddnn
946 3679 980 3727 50
