2617 3909
177 239 243 309 698
493 247 680 298 ΓυςεΡΓΙοτ
698 247 881 298 »mmor

176 392 386 475 ἀναγορεύεται
412 393 545 472 πάντων.Ι
587 387 675 468 οὗτος
702 387 758 456 οὖν
786 400 876 478 γεννᾷ
903 393 991 466 υἱοὺς
1019 393 1074 455 δύο
1104 394 1204 454 Μού-

177 493 270 572 δαρον
297 491 347 553 καί
371 486 504 572 Ῥαβίαν,
536 491 554 555 ὁ
582 490 615 554 δὲ
642 493 810 572 Μούθαρος
840 493 927 554 τίκτει
955 491 1118 572 Κούσαρου
1150 491 1205 552 καὶ

177 589 293 651 Κάϊσον
319 588 370 650 καλ
399 591 535 668 Θεμίμην
561 588 612 651 καλ
631 588 762 653 ’Ἀσαῖον
790 589 840 650 καί
867 587 974 661 ἄλλους
1001 587 1084 662 τινάς
1117 587 1204 650 άνω-

177 687 308 767 νύμους,
335 690 366 748 οἳ
391 685 447 764 τὴν
476 688 663 748 Μαδιανῖτιν
690 687 801 768 ἔρημον
827 687 1048 767 κληρωσάμενοι
1075 686 1205 766 ἕκτηυο-

150 785 311 864 στρύφουν
343 784 376 846 ἐν
406 790 530 862 σκηναῖς
561 793 774 858 κατοικοῦντες.
820 784 876 846 είσῖ
908 783 941 846 δὲ
971 784 1022 846 καί
1049 783 1204 866 ἐνδύτεροι

178 883 291 943 τούτων
314 881 370 944 ούκ
392 881 425 943 ἐκ
447 891 500 962 τῆς
522 887 622 962 φυλῆς
644 882 754 963 αὐτῶν,
780 881 853 944 ἀλλὰ
875 891 928 943 τοῦ
948 878 1071 961 Ἰεκτύν,
1100 883 1133 942 οἱ
1154 888 1202 943 λε-

178 977 300 1059 γόμενοι
315 974 479 1060 Ὁμηρῖται,
502 975 582 1041 τοῦτ’
603 980 682 1041 ἔστιν
698 976 879 1060 Ἀμμανῖται.
916 979 1031 1062 ἀπόρου
1056 979 1088 1041 δὲ
1113 978 1202 1053 ὄντος
1291 983 1292 1012 ¹

178 1085 232 1137 τοῦ
268 1076 588 1157 προμνημονευθέντος
624 1078 812 1158 Μουχούμεδ
848 1075 959 1156 συνέβη
997 1083 1201 1156 μισθωτεῠσαι

179 1174 272 1237 αύτὸν
307 1174 426 1257 γυναικί
457 1176 585 1259 πλουσία
621 1174 671 1236 καὶ
709 1173 862 1256 συγγενίδι
899 1174 992 1254 αὐτοῦ
1028 1173 1200 1258 καλουμένη

63 1345 68 1354 ι
140 1294 167 1333 ιο
180 1275 299 1358 Χαδιγᾷ
326 1273 401 1355 πρὸς
422 1273 455 1334 τὸ
478 1273 656 1352 καμηλεύειν
682 1271 733 1334 καί
755 1273 1015 1354 πραγματεύεσθαι
1042 1272 1115 1352 μετὰ
1139 1283 1201 1332 τῶν

182 1369 343 1450 ὁμοφύλων
371 1371 464 1432 αὐτοῦ
491 1371 524 1433 ἐν
548 1371 691 1456 Αίγύπτω
719 1369 769 1431 καί
798 1372 988 1454 Παλαιστίνη.
1035 1364 1097 1430 εἶτα
1125 1369 1201 1430 κατὰ
1292 1371 1293 1376 '

180 1469 286 1548 μικρὸν
304 1470 581 1550 παρρησιασάμενος
603 1469 654 1530 καλ
671 1467 814 1530 ὑπελθὼν
835 1477 871 1552 τῇ
890 1466 1009 1549 γυναικί
1028 1468 1104 1552 χήρα
1123 1465 1202 1551 ούση

181 1566 324 1645 λαμβάνει
351 1565 446 1644 αὐτὴν
473 1567 515 1639 είς
537 1571 674 1648 γυναῖκα.
721 1566 770 1627 καὶ
794 1565 833 1644 δὴ
855 1565 1053 1647 ἐπιχωριάζον
1076 1565 1110 1627 ἐν
1133 1569 1201 1626 Πα-

181 1664 314 1746 λαιστίνη
342 1663 393 1723 καλ
415 1663 729 1744 συναναστρεφόμενος
748 1658 908 1736 Ἰουδαίοις
929 1686 958 1724 τε
985 1661 1035 1724 καὶ
1057 1667 1200 1742 Χριστια-

54 1779 167 1822 nomn·
180 1765 247 1832 νοῖς
273 1759 403 1841 ἐθηρᾶτο
431 1760 538 1841 λόγους
565 1760 615 1822 καλ
641 1762 791 1843 γραφικάς
818 1784 899 1834 τινας
926 1760 1034 1842 ῥήσεις.
1080 1754 1138 1842 εἶχε
1168 1758 1201 1821 δὲ
1293 1781 1294 1806 ³

181 1857 214 1919 τὸ
241 1857 341 1932 πάθος
372 1867 425 1937 τῆς
452 1856 620 1938 ἐπιληψίας.
666 1857 686 1938 ἡ
710 1851 766 1920 οὖν
795 1858 873 1940 γονὴ
905 1857 998 1919 αὐτοῦ
1030 1858 1081 1919 θιὰ
1112 1867 1201 1924 τοῦτο

182 1954 314 2018 ἐλυπεῖτο
346 1955 464 2037 σφόδρα
496 1953 537 2029 ὡς
563 1956 733 2038 περιφανὴς
764 1955 814 2017 καί
841 1957 969 2016 πλουσία
998 1955 1047 2016 καὶ
1074 1957 1201 2042 τοιούτῳ
1294 1951 1295 2006 Ᾰ

181 2052 269 2136 ἀνδρί
296 2059 488 2131 συναφθεῖσα
516 2053 552 2115 ού
576 2053 671 2134 μόνον
694 2053 810 2139 ἀπόρῳ,
838 2053 910 2114 ἀλλὰ
937 2053 987 2114 καλ
1014 2053 1200 2137 ἕπιληπτικιξι

182 2149 222 2231 ἣν
246 2153 472 2234 τροπωσάμενος
500 2152 628 2230 ἔφασκεν
656 2151 712 2213 ὅτι·
742 2151 875 2232 φοβερὰν
904 2149 1047 2212 ὀπτασίαν
1074 2149 1200 2233 ἀγγέλου
1294 2129 1295 2178 λ

142 2269 169 2309 εο
182 2256 288 2331 θεωρῶ
315 2249 448 2332 Γαβριὴλ
485 2247 622 2329 ὀνόματι,
659 2248 709 2310 καί
741 2248 782 2328 μὴ
820 2248 982 2331 ὑποφέρων
1019 2247 1112 2309 αύτού
1145 2248 1201 2328 την

254 2498 269 2544 2
285 2488 407 2561 άραβίαυ
421 2492 479 2544 AR.
495 2523 528 2531 -
549 2491 681 2546 θκάϊσον
695 2490 778 2544 GNP
787 2490 911 2559 Theoph.
931 2489 1031 2544 κάϊτον
1045 2489 1200 2544 AGELVR

185 2561 284 2617 καϊτὸν
302 2560 334 2614 Β.
350 2591 385 2601 -
403 2561 534 2632 θεμήμην
552 2562 607 2616 ΑΜ
629 2559 750 2632 θεμίτην
768 2562 794 2616 R
816 2560 936 2631 θέμιτην
955 2562 985 2615 Β.
1005 2593 1041 2602 -
1062 2566 1078 2614 4
1098 2565 1200 2652 μαδια·

183 2630 257 2687 νίτιν
270 2630 372 2686 mm)
392 2633 561 2700 μαᾶιανήτιν
575 2635 600 2685 Α
618 2634 788 2724 μαθιανίτην
803 2631 1017 2686 BCDEGLPV
1036 2652 1156 2702 μανιτην
1174 2633 1200 2686 R

183 2701 290 2772 μάᾶιαν
312 2702 364 2770 τὴν
383 2701 420 2755 Μ.
440 2735 473 2743 -
498 2703 670 2759 θίεντῖινΒ
694 2704 789 2759 ἱεκταν
807 2705 837 2758 Μ
863 2703 958 2758 ῖέκτάν
977 2703 1006 2757 L.
1032 2735 1068 2743 —
1098 2709 1131 2757 10
1149 2725 1200 2775 γα-

184 2777 250 2844 ὃιγᾶ
270 2773 318 2827 ΟΕ
340 2774 445 2843 γαὸιγύι
463 2773 563 2828 AGLP
584 2775 696 2845 γαθηγὰ
714 2776 741 2829 N
763 2777 856 2848 γαδδᾶ
874 2774 897 2826 Β
921 2774 1005 2844 διγάν
1018 2773 1045 2828 V
1063 2777 1148 2844 ἃιγᾶν
1165 2775 1201 2829 R„

185 2878 218 2886 -—
244 2849 276 2899 15
295 2842 395 2914 λόγους
416 2843 496 2906 τινὰς
513 2845 570 2900 ΑΒ.
594 2878 629 2886 -
650 2867 732 2909 τινας
754 2853 817 2902 ante
840 2843 933 2916 ῥήσεις
955 2862 1005 2900 om.
1025 2847 1057 2898 A.
1081 2877 1115 2886 -
1139 2846 1200 2916 ἔσχε

183 2916 341 2985 ETheoph.
363 2947 396 2955 -
415 2915 447 2969 δὲ
466 2917 515 2970 καλ
532 2916 564 2970 τὸ
583 2916 667 2972 BLV.

258 3128 271 3173 1
296 3120 502 3190 ἀπαγορεύεται
526 3127 558 3176 ut
584 3123 639 3176 vid.
658 3140 693 3177 m.
713 3122 770 3176 1P
796 3121 1034 3191 προσαγορεύεται
1057 3138 1091 3174 m.
1110 3124 1137 3175 2.
1166 3153 1201 3164 —-

185 3197 202 3245 2
221 3191 362 3259 κούρασον
376 3191 533 3261 PThooph.
549 3224 583 3232 —
598 3199 615 3247 4
634 3192 663 3246 οἳ
676 3193 727 3247 καλ
740 3193 792 3262 τὴν
804 3193 827 3246 Ρ
835 3191 927 3246 Const.
943 3223 976 3232 —
993 3197 1042 3246 18
1058 3190 1139 3255 ὄντος
1149 3194 1199 3252 Ικαλ

185 3262 315 3331 ὀρφανοῦ
333 3271 382 3318 τού
395 3261 600 3333 προειρημένου
618 3283 645 3332 μ.
660 3263 785 3318 Peonst.
797 3263 920 3333 Theoph.
936 3295 971 3304 —
991 3269 1043 3316 8.9
1062 3284 1087 3333 μ.
1105 3263 1203 3329 ἔδοξεν

186 3335 262 3406 αύτῷ
276 3337 466 3403 μισθωτεύσαι
485 3354 545 3404 γον.
559 3355 616 3389 τινι
629 3338 673 3388 πλ.
694 3335 743 3388 καί
756 3342 874 3405 συγγενῆ
894 3335 981 3388 αὐτοῦ
995 3333 1117 3388 POonst.
1145 3334 1200 3404 (Si-

184 3405 265 3460 milia
283 3403 427 3473 Theoph.).
451 3437 484 3445 -
510 3412 542 3457 11
562 3406 650 3459 αύτού
669 3421 719 3459 om.
735 3405 860 3460 POonst.
884 3437 920 3446 —
945 3409 1056 3458 15—17
1077 3405 1148 3475 ἔχων
1168 3406 1201 3459 δὲ

184 3474 217 3528 τὸ
234 3494 264 3530 π,
278 3481 328 3542 τῆς
341 3473 410 3528 ίτιιλ.
426 3476 551 3529 ἐλυπεῖτο
571 3492 617 3542 σφ.
633 3475 650 3543 ἠ
665 3476 736 3544 γυνη
755 3477 843 3531 αὐτοῦ
861 3478 899 3538 ὡς
911 3495 1007 3546 περιφ.
1022 3475 1148 3530 ΡΟουελ.
1166 3507 1200 3516 -

188 3551 221 3600 18
243 3545 329 3612 ἀνδρί
351 3561 401 3599 om.
426 3544 582 3612 PTheoph.
607 3577 640 3585 -
667 3551 699 3598 19
719 3545 755 3614 ἦν
777 3548 827 3601 καλ
848 3567 927 3615 τροπ.
947 3547 1065 3617 φάσκων
1089 3549 1149 3616 (σοι.
1169 3548 1201 3602 δὲ

182 3633 212 3683 p.
229 3620 288 3682 σου,
305 3618 331 3683 1)
349 3614 473 3669 Peonst.
