2617 3909
522 266 712 318 XPONIKON
1058 264 1123 329 427

104 420 207 497 λυγμα
225 414 330 497 κυρίῳ·
352 412 402 474 καὶ
420 412 475 495 γάρ
493 412 673 495 παρανόμως
691 382 911 496 προσφέρουσιν
929 412 1028 487 αὐτάς.
1060 415 1177 477 καίετο
1190 436 1221 475 ω.

105 513 217 573 θυσίαι
239 510 338 572 αὐτῶν
360 509 401 584 ὡς
423 508 511 592 άρτος
532 509 667 585 πένθους
689 511 801 592 αὐτοῖς,
823 510 873 572 καλ
895 512 1003 585 πάντες
1025 513 1058 573 οί
1077 511 1124 573 έσ-

106 611 230 682 θίοντες
261 607 353 682 αὐτάς
385 609 634 689 μολυνθήσονται.
685 609 733 672 διδ
765 609 804 689 δὴ
833 609 884 671 καὶ
914 617 953 695 τῳ
977 610 1080 672 Σαοὺλ
1107 609 1124 672 δ

106 712 196 780 θεῖος
214 706 359 786 Σαμουὴλ
381 706 489 788 ἔλεγεν·
513 704 614 788 άγαθη
635 705 712 786 ἀκοὴ
730 703 804 789 ὑπὲρ
822 707 945 787 θυσίαν,
967 706 1017 769 καί
1035 706 1124 788 ἀκρό-

105 831 172 886 αμα
200 802 274 886 δπέρ
302 804 386 886 στέαρ
409 814 510 887 κριῶν.
556 804 623 867 ἰδοὺ
645 804 701 886 γὰρ
724 804 761 866 οό
784 803 865 867 θέλει
887 808 990 887 κύριος
1011 806 1124 868 θυσίαν
1152 828 1164 869 ε

105 902 151 977 ὡς
174 902 207 964 τὸ
230 902 395 964 είσακοόειν
417 902 518 964 αὐτοῦ.
563 902 591 964 εί
611 904 715 965 τοίνυν
737 902 788 964 καί
809 903 938 985 πρὸτῆς
960 905 1124 986 παρουσίας

105 1001 204 1063 αὐτοῦ
231 998 305 1082 ὑπὲρ
333 1002 446 1062 θυσίαν
475 1001 601 1082 καρδίαν
622 1000 763 1083 καθαρὰν
785 1001 913 1081 ἐπεζήτει
934 1001 985 1064 καί
1007 1011 1125 1082 πνεῦμα

105 1095 371 1181 συντετριμμένον,
394 1103 492 1183 πολλῳ
516 1104 626 1177 μᾶλλον
648 1097 747 1160 ἐλθὼν
769 1099 878 1161 ἔπαυσε
900 1099 952 1172 τὰς
975 1094 1014 1162 δι’
1036 1100 1124 1179 αἷμά-

105 1220 171 1259 των
194 1198 317 1273 θυσίας,
344 1195 415 1258 οὐδὲ
437 1197 528 1258 πάλαι
551 1197 690 1276 δεόμενος
712 1195 818 1276 αότάς,
846 1194 886 1270 ὡς
908 1197 1035 1277 εἴρηται,
1057 1192 1122 1258 ἀλλ’

105 1296 137 1356 εἰ
165 1296 339 1374 βουληθῶσι
365 1304 525 1375 συγχωρῶν
552 1294 603 1355 καί
629 1294 658 1355 εί
685 1293 744 1357 άπδ
770 1294 892 1375 γνώμης
914 1291 1011 1375 ὀρθῆς
1033 1312 1124 1376 προσ·
1138 1318 1165 1359 ιο

107 1394 254 1454 οίσουσιν.
294 1391 367 1454 ὅθεν
391 1392 497 1471 φησίν·
521 1392 548 1454 εί
569 1392 659 1453 θύειν
680 1392 847 1472 ἐπιθυμεῖς,
871 1391 908 1454 οό
926 1390 1055 1476 δεομένῳ
1075 1416 1125 1471 μοι

107 1496 180 1551 θῦε.
225 1487 311 1552 ὁπότε
334 1488 365 1552 δὲ
388 1490 501 1553 τούτων
523 1490 693 1570 ἀμνήμονες
710 1488 845 1572 ἐγένοντο
863 1488 913 1551 καί
932 1491 1041 1572 μόσχον
1058 1489 1125 1554 άντλ

108 1594 189 1649 θεοῦ
207 1587 280 1649 θεὸν
298 1586 507 1651 έπεκαλέσαντο
525 1587 575 1649 καλ
593 1589 688 1674 τούτῳ
710 1588 766 1668 τὴν
786 1588 884 1650 αἰτίαν
906 1597 959 1669 τῆς
982 1587 1011 1662 ἐξ
1030 1589 1125 1671 Αίγόι

108 1709 189 1749 πτου
211 1688 331 1767 πορείας
352 1686 557 1769 έπεγράψαπο
579 1685 724 1768 λέγοντες·
747 1679 829 1748 οὗτοι
848 1688 880 1748 οί
897 1689 968 1749 θεοί
983 1705 1049 1768 σου,
1069 1681 1125 1750 Ἰσ-

109 1785 202 1866 ραήλ,
229 1786 262 1869 οί
281 1783 469 1866 ἐξαγαγόντες
492 1803 523 1846 σε
546 1783 578 1846 έκ
599 1794 655 1866 γῆς
678 1785 848 1866 Αἰγύπτου,
878 1784 928 1846 καί
951 1784 1124 1869 άπαρνησά-
1139 1808 1164 1849 ιε

111 1905 197 1963 μενοι
225 1882 299 1944 θεὸν
326 1883 378 1945 τὸν
406 1882 456 1943 διὰ
478 1881 615 1957 Μωσέως
642 1882 880 1963 ἐπισκεψάμενον
902 1883 1012 1958 αὐτοὺς
1034 1884 1067 1946 έν
1088 1894 1124 1969 τῇ

111 1981 220 2058 θλίψει
242 1978 351 2060 αὐτῶν,
374 1980 425 2042 τὸν
443 1980 479 2041 τὰ
497 1986 603 2060 σημεῖα
621 1980 670 2043 έπὶ
687 1982 782 2062 χειρὸς
800 1980 850 2043 καί
867 1982 981 2065 ῥάβδου
999 1983 1125 2061 ποιησά-

111 2100 214 2158 μενον,
239 2077 292 2139 τὸν
314 2077 499 2159 Λδγυπτίους
521 2079 696 2165 δεκαπλήγῳ
718 2080 896 2160 πατάξαντα,
918 2080 970 2142 τὸν
992 2080 1126 2162 ἐρυθρὰν

110 2176 270 2237 θάλασσαν
292 2176 334 2249 είς
357 2174 512 2258 διαιρέσεις
534 2177 668 2238 διελόντα
689 2176 739 2239 καί
762 2176 940 2259 διαγαγόντα
962 2177 1072 2251 αὐτοὺς
1092 2176 1126 2239 έν

112 2272 192 2359 μέσῳ
219 2282 272 2335 τοῦ
299 2274 408 2347 ὕδατος
435 2272 475 2347 ὡς
502 2274 552 2335 διὰ
579 2275 685 2356 ξηρᾶς,
711 2274 763 2336 τὸν
785 2274 855 2346 τοὺς
877 2273 1004 2355 ἐχθροὺς
1026 2275 1125 2336 αὐτῶν
1138 2296 1165 2336 εο

111 2372 293 2453 βυθίσανια,
315 2371 367 2432 τὸν
390 2372 432 2445 είς
449 2371 576 2453 Μερρὰν
597 2370 652 2450 τὴν
674 2370 784 2452 πικρὰν
806 2371 907 2454 πηγὴν
928 2373 1125 2454 γλυκάναντα,

111 2470 166 2532 τὸν
189 2467 221 2530 έκ
243 2467 349 2550 πέτρας
369 2468 536 2553 άκροτόμου
554 2470 635 2550 όδωρ
654 2469 698 2542 είς
715 2470 890 2551 πλησμονὴν
908 2469 1125 2552 άναβλόσαντα,

110 2568 166 2629 τὸν
189 2567 283 2651 στόλῳ
306 2565 432 2646 νεφέλης
458 2565 509 2628 καί
536 2567 630 2651 στόλῳ
658 2566 752 2649 πυρός
774 2569 931 2643 σκιάζοντα
952 2569 1053 2643 αὐτοῖς
1076 2568 1126 2631 διὰ

110 2665 231 2739 θάλπος
263 2662 388 2747 άμετρον
419 2663 470 2725 καί
497 2665 662 2743 φωτίζοντα
689 2664 740 2727 καί
772 2665 940 2748 δδηγοόντα
968 2667 1038 2741 τοὺς
1069 2666 1125 2728 οόκ

186 2862 287 2917 2Ηοε.
303 2868 332 2930 9,
352 2869 376 2916 4.
401 2895 435 2903 -
461 2862 516 2916 41.
531 2863 600 2933 Reg.
622 2868 668 2931 15,
687 2869 729 2917 22.
754 2895 788 2904 -
812 2869 899 2933 9-γ.
915 2869 1012 2932 429‚2
1032 2861 1124 2918 Gonst.

111 2934 640 3004 ηωἮω-ΜΜΜΜ.

188 3117 201 3165 1
221 3109 308 3180 κυρίω
322 3112 421 3166 ABFP
438 3117 476 3184 τῷ
494 3110 581 3183 κυρίῳ
600 3111 707 3167 CDEL
729 3133 768 3186 τῳ
781 3115 842 3186 θεῳ
856 3112 1000 3169 MRVn-
1019 3119 1036 3169 4
1054 3114 1126 3183 άκοὴ

113 3183 212 3254 ἀγαυὴ
226 3166 309 3238 ARV
323 3215 357 3223 -
372 3181 388 3237 ο
403 3184 451 3255 ας]
459 3166 695 3248 ἐιςιόεονμ
710 3168 831 3239 axam
839 3184 947 3237 BR..-
961 3184 1126 3277 οιααιςυ

113 3254 365 3310 αὐτῶνΒΟΝπ-
385 3260 417 3309 12
435 3256 490 3309 θυε
509 3255 639 3309 οοδδ
660 3262 692 3309 16
711 3263 812 3326 vnvm
828 3253 933 3310 OR-
951 3262 985 3311 21
1003 3257 1069 3321 τους
1087 3256 1128 3321 είς

114 3326 191 3380 AEV
213 3326 264 3396 τὴν
283 3325 425 3389 είςΒ-
444 3332 478 3381 23
498 3326 726 3390 αότουςΒΟῈῚι

189 3504 300 3572 ῖέπιζη
301 3502 448 3558 τεῖΡ-
472 3509 505 3559 10
529 3505 554 3559 ελ
577 3510 639 3559 ante
662 3503 718 3559 άπὸ
742 3504 907 3559 ουκ-Ρ.
927 3510 959 3558 12
983 3505 1049 3559 Ροει
1071 3507 1126 3557 θῦε

114 3575 196 3630 αδδ.·
215 3574 265 3644 ἐμὴ
283 3574 337 3645 γάρ
357 3574 431 3630 ἐστιν
449 3574 589 3647 ὴκουμένη
608 3578 636 3645 (l.
651 3576 669 3644 ἡ
688 3575 753 3645 οίκ)
771 3577 820 3629 καλ
837 3575 869 3630 τό
888 3574 1022 3643 πληρωμα
1040 3574 1127 3642 αὐτῆς

115 3645 301 3718 [ΡεωΙεω.(
247 3650 280 3699 49
291 3648 346 3716 (50)
336 3648 415 3719 )‚12]
435 3646 613 3702 POonstoe-
634 3652 667 3700 15
686 3646 878 3716 έξάγοντεςΡ
