2617 3909
185 184 250 252 744
449 217 452 221 -
495 188 683 240 Γειιενιοε
701 189 884 240 νονιχοε

181 355 277 399 πωσιν
300 345 353 399 τοῦ
375 346 507 418 σωτῆρος
529 333 615 415 ἡμῶν
630 330 729 415 Ἰησοῦ
748 341 879 418 Χριστοῦ
901 346 953 398 τοῦ
974 343 1050 400 θεοῦ
1073 335 1126 398 καί
1149 347 1209 418 τῆς

181 435 366 517 θεομήτορος
383 434 433 496 καί
451 435 571 499 πάντων
589 444 648 495 τῶν
666 433 760 517 ἁγίων
777 433 952 516 κατέστρεψε
970 433 1020 496 καί
1038 433 1208 500 κατέκαυσε

83 549 123 590 ⁶⁸⁶
136 548 167 589 Μ.
181 533 233 596 καί
254 533 386 616 διωγμόν
413 532 506 615 μέγαν
532 532 644 615 ἐγείρας
671 532 799 605 πολλοὺς
826 534 913 615 ἱερεῖς
940 531 990 594 καί
1016 532 1207 612 μονάζοντοις

181 631 231 694 καί
249 632 371 705 λαϊκοὺς
389 631 546 713 διαφόροις
563 632 716 714 τιμωρίαις
734 630 784 692 καί
798 631 943 704 θανάτοις
959 629 1117 711 ὑπέβαλεν.
1151 631 1206 692 διὰ

155 739 273 794 εταῦτα
299 722 356 792 οὖν
382 729 433 791 καί
460 729 476 792 δ
504 740 557 810 της
579 729 708 810 μεγάλης
724 723 838 809 Ῥώμης
864 728 1008 811 πρόεδρος
1030 728 1205 812 Γρηγόριος

181 828 236 907 την
258 837 311 908 τῆς
334 827 427 890 αὐτοῦ
454 829 602 908 βασιλείας
629 825 784 908 ὑποταγὴν
810 826 1034 906 ἐκτιναξάμενος
1061 827 1094 889 τὸ
1120 829 1204 909 αίρε-

180 925 263 987 τικδν
289 921 389 1006 αἶσχος
416 923 626 1007 ἀποδιδράσκει
653 923 786 997 σπονδὰς
813 924 965 1010 εἰρηνικὰς
991 925 1034 998 είς
1059 925 1117 1006 τὴν
1141 936 1203 988 τῶν

184 1024 331 1106 Φράγγων
352 1023 506 1105 ὑποταγὴν
528 1023 732 1102 είσδεξάμενος
759 1022 816 1084 σὺν
843 1023 924 1108 πάση
947 1032 982 1108 τῇ
1002 1016 1124 1107 Ἰταλία,
1151 1023 1202 1084 καί

181 1121 251 1194 τοὺς
273 1121 388 1202 φόρους
409 1120 505 1194 εὐθὺς
527 1121 663 1196 κωλύσας
685 1121 737 1184 τὸν
757 1117 948 1182 Ἀναστάσιον
974 1118 1024 1182 καί
1046 1120 1120 1194 τοὺς
1144 1123 1201 1184 σὺν.

141 1243 168 1286 ιο
181 1218 261 1304 αὐτῷ
280 1217 499 1298 ἀνεθεμάτισεν.

244 1310 314 1394 Ἐφ’
335 1307 377 1377 ὧν
395 1315 509 1398 χρόνων
527 1316 646 1395 σεισμὸς
668 1314 780 1398 ἐγένετο
799 1315 889 1398 μέγας
911 1315 961 1378 καί
980 1319 1200 1400 φοβερώτατος,

179 1413 230 1475 καί
255 1414 434 1493 ἐπτώθησαν
461 1413 612 1493 ἐκκλησίαι
638 1413 743 1476 πολλαί
770 1413 820 1475 καί
848 1409 924 1476 οἶκοι
952 1415 987 1474 τά
1014 1438 1043 1476 τε
1076 1422 1200 1498 χερσαῖοι

180 1522 233 1592 τῆς
250 1513 363 1584 πόλεως
380 1513 459 1591 τείχη
481 1509 531 1572 καί
550 1512 681 1593 φροόρια
699 1511 792 1574 πολλὰ
813 1511 863 1572 καί
880 1513 972 1593 χωρία
991 1523 1043 1592 της
1065 1511 1199 1598 Θρᾴκης.

182 1609 233 1670 καί
250 1608 376 1688 τίθνηκε
395 1609 464 1683 λαὸς
481 1608 697 1691 ἀναρίθμητος,
715 1609 766 1671 καί
783 1607 803 1688 ἡ
821 1619 859 1691 γη
878 1609 984 1672 ἐσείετο
1003 1609 1057 1672 ἐπί.
1070 1611 1199 1692 χρόνους

140 1730 167 1771 τε
180 1709 247 1788 δύο,
270 1707 342 1768 ὥστε
364 1706 415 1767 καί
437 1707 493 1786 την
510 1708 666 1769 θάλασσαν
684 1718 743 1769 τῶν
762 1708 847 1769 ι’δίων
866 1707 945 1788 όρων
967 1707 1000 1770 ἐν
1018 1726 1076 1768 τισι
1095 1709 1199 1783 τόποις
1287 1705 1288 1714 ’

178 1805 377 1886 ὑποχωρῆσαι.
423 1805 455 1866 ἐν
482 1806 598 1878 τούτοις
625 1803 641 1865 δ
669 1807 839 1887 παμμίαρος
868 1803 918 1866 καί
945 1804 1079 1886 ἀλάστωρ
1108 1807 1199 1870 Λέων
1287 1879 1288 1886 χ

179 1901 196 1965 δ
218 1904 369 1985 βάναυσος
391 1900 432 1976 ὥς
454 1901 616 1985 ἅνθρωπος
639 1901 826 1982 ἀποθνήσκει
849 1905 1059 1983 δυσεντερικῶς
1083 1904 1136 1967 καί
1159 1903 1198 1978 ὣς
1287 1901 1288 1910 ’

178 1997 221 2077 είς
242 2012 301 2063 τῶν
324 2000 475 2083 ἀρχόντων
496 2000 655 2063 πέπτωκεν.

79 2122 120 2163 εει
133 2120 164 2161 n.
242 2095 275 2163 ‘0
293 2093 349 2162 οὖν
367 2100 548 2179 Μάσαλμας,
570 2098 675 2173 καθὼς
693 2098 829 2180 ἀνωτέρω
847 2099 970 2181 εἴρηται,
992 2098 1049 2178 τὴν
1060 2099 1196 2180 ’Ἀβνδον

251 2250 355 2300 11-16
374 2245 409 2311 cf.
424 2244 549 2313 Theoph.
561 2260 590 2312 γ,
606 2249 667 2311 412,
683 2251 706 2298 6.
723 2277 756 2284 —
776 2249 880 2297 16-18
899 2243 1029 2313 Epistola
1048 2244 1086 2298 ad
1103 2245 1194 2300 Theo-

177 2317 288 2387 philum
306 2334 347 2385 ομ.
363 2322 396 2370 12
415 2316 510 2385 Migne
529 2321 582 2369 360
591 2316 622 2370 B.
647 2348 681 2355 —
707 2321 739 2368 17
758 2315 860 2368 ΡεοΙεο.
880 2319 913 2369 81
936 2318 1005 2385 (82),
1025 2321 1049 2369 7.
1071 2347 1104 2356 -
1126 2322 1194 2371 19-

174 2405 204 2458 p.
220 2394 312 2456 εισι
330 2388 364 2454 es.
380 2387 504 2456 Theoph.
516 2404 545 2456 γ.
562 2393 622 2456 εοε,
638 2393 679 2441 15.

177 2528 591 2664 1ο.1-”ίόιῖεόόάεἶῗίίοῖ
598 2520 1194 2673 (ίῖεθίάίῗισῖἶῖυεῗίεόρρσάίάόβίά

178 2663 372 2733 εἰσδεξάμενος
388 2665 441 2718 im.
457 2664 513 2716 AB.
530 2696 565 2703 —
584 2669 600 2718 8
620 2671 755 2734 φραγγων
769 2663 793 2716 D
813 2670 838 2718 τε
855 2663 1058 2731 reco.qu1dam
1082 2663 1193 2733 φαράγ-

177 2756 234 2806 γων
249 2734 269 2790 (ί
287 2742 314 2790 σί
330 2741 363 2789 αδ
379 2736 434 2789 vid.
453 2753 488 2790 m.
505 2739 568 2802 11,
587 2738 618 2789 ίκ
636 2753 690 2804 quo
708 2741 771 2789 ante
792 2755 808 2803 ρ
828 2735 918 2790 littera
936 2751 1023 2789 erasa.
1056 2734 1192 2807 φράγκων

176 2824 246 2862 rece.
261 2806 311 2861 alii
335 2805 487 2876 φράγγκων
506 2806 543 2860 Μ.
562 2837 598 2846 -
617 2812 649 2859 11
670 2805 719 2875 ἐφ’
737 2804 771 2862 ὃν
788 2804 892 2878 χρόνον
909 2804 1047 2859 ΑΟΕΜΡ
1070 2803 1144 2860 καθ’
1161 2805 1192 2862 ὃν

175 2878 287 3022 χρόχνοιχ
297 2878 383 3002 ΥΒ-
405 2883 438 2932 18
457 2876 613 2948 ἀρχόντων]
632 2878 795 2945 ἀνθρώπων
813 2876 880 2932 MR.
900 2908 933 2917 —
954 2882 987 2930 19
1006 2880 1193 2946 μασαλμᾶςδ

178 2971 216 3018 μα
233 2968 268 3004 σα
288 2971 322 3012 ας
365 2993 370 3004 .
1075 3005 1077 3010 ,

246 3081 280 3128 11
301 3073 449 3144 γενόμενος
461 3073 491 3127 Ρ.
507 3107 542 3113 -
562 3080 594 3128 12
613 3074 745 3128 atalante
764 3074 932 3143 ἐπείσθησαν
951 3089 1001 3128 om.
1016 3072 1046 3126 P.
1063 3104 1097 3113 -
1117 3077 1192 3129 πλεῖ-

177 3163 239 3200 σται
254 3145 276 3198 Ρ
295 3149 355 3215 (om.
371 3145 514 3216 Theoph.).
532 3177 564 3185 —
585 3150 618 3199 13
636 3151 688 3212 τῆς
703 3143 811 3206 πόλεως
828 3163 878 3199 σοι.
894 3145 923 3198 P.
945 3176 977 3184 —
996 3144 1085 3198 πολλὰ
1105 3162 1157 3200 om.
1173 3145 1192 3198 P

176 3215 300 3285 Tbeoph.
321 3249 353 3257 —
376 3222 407 3271 16
427 3219 494 3272 Post
511 3217 693 3286 ὑποχωρῆσαι
711 3216 733 3270 Ρ
755 3217 845 3271 aliae
867 3217 1031 3284 Theophane
1050 3215 1192 3286 desumpta

176 3289 263 3341 addit.
289 3318 322 3326 -
347 3293 461 3342 16-18
479 3289 519 3342 sic
539 3290 570 3344 ιἰι
588 3288 623 3341 P:
647 3285 776 3342 ἀπόθανε
800 3291 998 3354 δοσεντερικῶς
1021 3285 1035 3340 ὑ
1055 3287 1192 3357 δύστηνος

177 3365 252 3428 ψοχῇ
272 3357 321 3409 καὶ
339 3358 451 3425 σώματι.
478 3390 512 3397 -
537 3364 641 3426 19-γ.
659 3362 718 3424 746,
734 3363 749 3411 6
765 3363 830 3426 post
848 3359 893 3428 ἐτη
912 3357 957 3412 κε’
972 3362 1131 3426 p.‘135,14
1150 3361 1189 3412 in-

175 3429 241 3480 serit
258 3426 288 3479 P.
308 3455 342 3464 —
362 3432 395 3479 19
415 3425 430 3480 δ
449 3424 501 3481 οὖν
519 3448 545 3495 μ.
566 3428 597 3482 ἐν
613 3436 647 3498 τῇ
667 3425 735 3502 ἀσίρι
752 3428 964 3500 παραχειμάσας
983 3425 1123 3500 ἐξεδέχετο
1141 3431 1190 3502 τὰς

178 3503 227 3549 τοῦ
242 3494 351 3556 λέοντος
364 3496 534 3583 ὑποσχέσεις,
547 3498 636 3566 μηδὲν
649 3497 682 3553 δὲ
694 3496 765 3566 παρ’
777 3501 864 3552 αὐτοῦ
880 3499 1029 3569 δεξάμενος
1042 3500 1090 3553 καί
1106 3503 1190 3569 γνοὺς
1282 3541 1283 3568 ρ

178 3562 220 3616 ὅτι
239 3561 394 3633 ἐνεπαίχθη
412 3585 463 3633 την
482 3566 589 3635 άβνδον
607 3571 703 3623 καταλ.
722 3569 878 3639 PTheoph.
