2617 3909
538 209 728 260 εεοαοεοω
1077 209 1142 274 687

122 358 171 426 ’τες
199 354 259 434 ὅτι,
287 352 353 415 έάν
368 355 440 432 μίαν
462 351 575 436 ἡμέραν
598 353 803 435 ἀμελήσωμεν,
831 355 867 417 οὐ
891 357 942 417 διά
963 357 1015 418 τὸν
1038 362 1143 438 παρελ-

123 451 231 512 θόντα,
247 451 355 532 χρόνον
377 447 661 533 ἡμῖνσυγχωρήσει,
683 451 756 513 ἀλλά
775 452 824 515 διά
842 452 897 532 τὴν
915 452 1051 532 ἀμέλειαν
1069 448 1141 532 καθ’
1158 468 1195 508 581
1213 467 1244 506 M-

125 546 215 628 ἡμῶν
238 547 255 610 δ
273 548 345 621 θεὸς
363 546 560 628 ἀγανακτήσει
578 554 698 629 μᾶλλον.
739 550 816 612 οὕτω
833 550 890 633 γ’ἀρ
911 551 943 612 ἐν
961 557 1000 635 τῷ
1012 547 1144 631 Ἰεζεκιὴλ

125 645 305 726 ἠκούσαμεν.
347 646 425 707 οὕτω
442 645 494 707 καί
513 640 629 721 Ἰούδας
646 645 777 710 ἀπώλεσε
800 647 850 708 διά
867 649 961 710 νύκτα
984 649 1055 727 μίαν
1073 649 1144 710 δ’λου

124 752 181 805 τοῦ
202 743 405 825 παρελθόντος
427 743 536 825 χρόνον
563 744 616 806 τδν
637 744 778 824 κάματον.
824 743 894 806 οὐδὲ
919 745 974 827 γάρ
999 742 1014 805 δ
1037 743 1145 826 ἐχθρὸς
1171 767 1184 808 ο

124 838 220 920 ἡμῶν.
241 838 344 920 ἀμελεῖ
366 850 419 920 τῆς
446 835 519 902 καθ’
540 839 626 922 ἡμῶν
654 843 820 926 φροντίζων
841 841 988 916 ἀπωλείας
1011 842 1144 921 πάντοτε,

124 936 184 1000 κάν
206 937 388 1018 ἀγκλοῦντας
410 936 488 1017 ἡμᾶς
510 938 639 1019 εὑρήσει,
662 937 867 1022 σφοδροτέρας
888 938 1057 1002 ἐπιτίθεται.
1102 939 1145 1012 είς

127 1034 159 1097 δὲ
182 1036 215 1096 τὸ
239 1036 280 1116 μὴ
305 1034 456 1118 ὀλιγωρεῖν
479 1032 558 1116 ἡμᾶς
575 1035 668 1098 καλὸν
690 1035 722 1097 τὸ
743 1035 938 1100 ἀποστολικδν
961 1042 1081 1116 μελετᾶν
1099 1035 1145 1098 ἀεὶ

124 1133 230 1215 ῥητόν·
254 1127 327 1194 καθ’
343 1130 457 1215 ἡμέραν
475 1133 670 1213 ἀποθνήσκω.
712 1133 750 1194 ἀν
768 1134 823 1216 γὰρ
841 1134 891 1196 καί
908 1132 994 1214 ἡμεῖς
1012 1133 1052 1208 δος
1070 1133 1144 1196 ἀπο-

126 1231 312 1309 θνήσκοντες
343 1225 415 1292 καθ’
442 1228 555 1313 ἡμέραν
587 1232 665 1294 οίίτω
698 1234 806 1313 ζῶμεν,
826 1233 897 1312 ,οὐχ
928 1231 1143 1313 ἀμαρτήσομεν.
1159 1255 1184 1294 ιο

125 1327 187 1389 ἔστι
211 1325 244 1388 δέ
263 1328 299 1391 ’τὸ
318 1328 476 1409 λεγόμενον
496 1338 641 1409 τοιοῦτον,
666 1329 716 1389 ἴνα
738 1324 811 1390 καθ’
831 1326 945 1412 ἡμέραν
966 1329 1145 1411 ἐγειρόμενοι

125 1426 168 1504 μὴ
196 1426 362 1504 νομίζωμεν
389 1427 522 1503 φθάνειν
548 1425 603 1500 ἕως
630 1424 754 1507 ἑσπέρας
781 1425 831 1487 καί
862 1428 951 1490 πάλιν
980 1431 1145 1506 κοιμᾶσθαι

126 1521 280 1602 μέλλοντες
302 1523 343 1602 μὴ
367 1522 538 1604 ἐγείρεσθαι.
927 1559 931 1564 -
1121 1538 1124 1544 ’

195 1620 285 1681 Μετὰ
307 1619 340 1682 δέ
361 1643 394 1701 γε
416 1630 507 1682 ταῦτα
530 1619 683 1696 διαλέξεως
701 1621 780 1706 αὐτῷ
799 1643 869 1684 ποτε
891 1621 1059 1704 γενομένης,
1070 1621 1146 1703 πρός

126 1742 195 1778 τινα
222 1716 369 1800 περὶτῆς
396 1719 545 1800 διαγωγῆς
572 1729 624 1799 τῆς
651 1729 767 1800 ψυχῆς,
800 1717 850 1780 καλ
879 1726 966 1793 ποῖος
992 1716 1145 1799 μετάτὴυ
1158 1742 1184 1781 1⁵

128 1815 271 1878 ἐντεῦθεν
288 1814 477 1898 ἀναχώρησιν
495 1816 574 1878 ἔσται
592 1816 668 1901 αὐτῇ
691 1816 791 1897 τόπος,
813 1827 849 1902 τῇ
868 1817 936 1897 έξὴς
958 1816 1043 1879 νυκτί
1064 1821 1150 1878 καλεῖ

127 1937 174 1987 τις
196 1912 288 1975 αὐτὸν
311 1910 432 1975 ἀνωθεν
456 1912 560 1997 λέγων·
585 1914 694 1994 ἔξελθε,
715 1909 861 1994 Ἀντώνιε,
884 1914 934 1975 καί
955 1913 1050 1994 βλέπε.
1095 1911 1145 1974 καί
1264 1950 1267 1957 -

127 2011 167 2090 δὴ
196 2010 325 2085 έξελθδον
352 2009 403 2071 καί
430 2010 602 2091 ἀναβλέψας
624 2005 684 2073 είδέ
706 2033 772 2071 τινα
796 2010 910 2092 μακρὸν
936 2018 975 2094 τῷ
998 2011 1069 2072 εἴδει
1096 2009 1145 2071 καὶ

130 2108 263 2191 φοβερὸν
286 2108 395 2170 ἑστῶτα
417 2107 468 2169 καὶ
490 2109 650 2187 φθάνοντα
670 2106 752 2189 μέχρι
774 2117 833 2168 τῶν
856 2112 998 2187 νεφελῶν,
1021 2106 1144 2187 ἀναβαί·

83 2218 87 2224 ’
125 2227 235 2278 νοντας
250 2204 295 2267 δέ
322 2227 405 2278 τινας
432 2205 529 2285 ὥσπερ
556 2202 789 2285 ἐπτερωμένους,
816 2203 954 2266 κάκεῖνον
981 2204 1145 2265 ἐκτείνοντα
1159 2229 1185 2268 εο

119 2302 183 2375 ,τὰς
204 2308 312 2383 χεῖρας,
334 2301 385 2362 καλ
407 2301 477 2374 τοὺς
499 2299 554 2380 μέν
576 2300 784 2380 κωλυομένους
805 2295 874 2382 παρ’
896 2302 998 2387 αὐτοῦ,
1020 2300 1145 2374 τοδςδὲ

126 2398 383 2480 δπεριπταμένους
415 2398 465 2460 καί
495 2398 664 2481 ἀμερίμνως
695 2398 799 2460 λοιπὸν
831 2395 1041 2479 ἀναγομένους·
1096 2397 1145 2459 καί
1170 2473 1172 2476 v

200 2579 281 2633 εει.
301 2586 331 2646 3,
350 2584 397 2642 τος
419 2584 461 2645 τε,
481 2584 529 2645 24³
549 2583 595 2644 33,
616 2584 657 2632 ιε.
678 2610 712 2618 -
736 2584 752 2631 ο
773 2583 795 2631 1.
812 2576 871 2632 Gor.
893 2584 939 2646 ιε,
960 2585 1001 2632 ει.
1022 2610 1054 2618 -
1076 2559 1144 2633 14-

125 2668 156 2720 γι.
174 2655 235 2717 688,
250 2655 266 2703 8
285 2649 458 2703 Athanasius
476 2651 511 2704 ιλ).
527 2666 568 2718 cp.
584 2655 617 2703 66
635 2649 732 2721 Migne
752 2654 811 2704 986.

202 2796 217 2844 7
236 2789 376 2864 εδρήσρΒ
396 2790 463 2864 εδργ
477 2790 507 2844 L.
523 2823 557 2831 -
577 2794 723 2860 8μελετᾶυ
738 2791 783 2846 ἀεὶ
796 2791 872 2844 ΑΒΡ
891 2791 936 2846 ἀεὶ
950 2794 1065 2862 μελετᾶν
1084 2789 1144 2845 rell.

113 2863 186 2933 ’(ἀελ
199 2879 249 2917 om.
260 2861 345 2930 Athy.
361 2893 395 2902 -
410 2867 426 2915 9
440 2862 489 2916 καί
502 2861 583 2931 ἡμεῖς
591 2861 740 2916 ABPAth-.
756 2862 804 2916 καὶ
815 2871 869 2917 om.
880 2862 941 2916 rell.
959 2877 990 2902 -'-
1008 2866 1041 2914 10
1056 2861 1146 2931 ἀμαρ-

125 2932 253 3003 τήσωμεν
271 2932 438 2987 AGDGPR.
462 2965 496 2973 —-
521 2938 554 2987 14
573 2931 605 2988 δέ
622 2953 653 3004 γε
672 2933 747 2986 ΑΒΡ
775 2952 805 3003 γε
829 2950 879 2988 om.
898 2932 957 2986 rell.
983 2964 1017 2973 —
1043 2937 1075 2985 19
1097 2933 1146 2986 καλ

114 3003 220 3074 ’φθάυ
240 3003 320 3075 μέχρι
342 3023 364 3057 τ.
384 3007 508 3072 νεφελῶν
531 3021 581 3060 om.
601 3004 662 3058 GR.
688 3035 721 3044 —
751 3010 785 3057 22
808 3000 978 3074 ἀμερίμνους
1000 3001 1088 3056 BOR.

172 3175 177 3186 ·
201 3151 249 3200 λδ
269 3145 284 3200 δ
298 3146 368 3208 θεὸς
381 3142 452 3200 καθ’
464 3146 542 3215 ἡμῶν
555 3145 585 3199 Ρ.
601 3177 635 3186 -
650 3152 675 3200 3.
692 3145 796 3215 ἐζεκιὴλ
810 3145 839 3200 Ρ.
855 3177 889 3187 -
903 3152 920 3199 4
935 3146 984 3200 καλ
998 3143 1070 3200 οὕτω
1085 3146 1144 3200 ίοά·
1194 3186 1196 3191 -
1278 3139 1280 3146 ’

129 3217 221 3280 δαςΡ.
232 3248 266 3257 -·
277 3214 343 3272 ὅλον
356 3234 406 3272 om.
415 3216 506 3271 PAth.
519 3223 577 3270 -7
594 3213 751 3272 ἐπιτίθεται
765 3218 814 3271 καλ
827 3219 930 3286 πολλῆς
939 3213 1083 3290 ῥᾳθυμίας
1096 3217 1156 3279 καλ,

114 3287 367 3358 καταφρονήσεως
383 3288 433 3342 καλ
450 3287 546 3358 μένγε
564 3288 613 3342 καλ
632 3288 819 3351 ἀποπτώσεως
832 3296 887 3343 τῶν
901 3287 1145 3358 προειργασμίνωυ

129 3361 198 3429 ἡμίν
211 3361 331 3429 ἀγαθῶν
344 3359 461 3414 καὶτῶν
473 3357 666 3427 ἀποκειμένων
679 3356 787 3429 γίνεται
800 3357 936 3428 πρόξενος
943 3358 973 3412 Ρ.
985 3391 1018 3399 -
1029 3363 1094 3412 9.10
1109 3359 1146 3420 ὡς

128 3426 203 3485 καθ’
219 3429 326 3500 ἡμέραν
344 3429 575 3497 ἀποθνήσκοντες
592 3428 622 3484 Ρ.
638 3461 672 3472 ——
689 3435 721 3484 15
740 3438 913 3500 τῶνψυχῶυ
927 3430 956 3483 Ρ.
971 3461 1007 3470 -
1023 3434 1055 3483 16
1075 3429 1145 3483 ἀνα-

129 3503 253 3572 χώρησιν
266 3503 360 3555 αὐτῶν
374 3499 451 3556 ἔσται
464 3499 550 3563 τόπος
563 3499 593 3553 Ρ.
608 3532 642 3540 -
658 3505 692 3554 20
706 3499 750 3571 δέ]
764 3520 793 3555 τε
807 3501 829 3554 Ρ
843 3502 902 3571 (καὶ
916 3497 1047 3573 ἀναβαίυ.
1059 3499 1144 3569 Λεία).

130 3604 166 3613 -
177 3576 211 3623 22
221 3572 347 3639 δπεριτιτ.
362 3573 411 3626 καί
425 3570 592 3633 διελθόντας
604 3571 705 3626 λοιπὸν
717 3569 875 3642 ἀμερίμνως
883 3572 1040 3643 ἀνάγεσθαι
1052 3569 1145 3624 PAth.

185 3667 329 3719 Georgius
342 3671 502 3712 Honuohun
516 3670 551 3711 οδ
567 3669 595 3710 de
608 3669 677 3710 Βοοῐ.
698 3670 730 3711 ΙΙ.
948 3664 984 3712 44
