2617 3909
170 185 237 250 480
481 185 668 238 Γτιιοσιοτ
685 185 868 237 αοαιιιοτ

126 379 128 386 ·
172 327 227 397 οὖν
244 335 368 408 τούτους
386 333 653 414 ἀποβουκολήσασα
672 333 770 412 δεήσει
787 332 839 394 τὸν
857 332 931 394 θεὸν
945 331 1072 394 ἱκέτευεν
1090 331 1190 394 ἀπαλ·

171 439 296 516 λαγήναι
322 442 375 496 τοῶ
402 433 539 494 τοιούτου
566 433 680 512 μύσους
707 430 757 492 καὶ
783 429 908 492 ἀσπιλον
931 430 988 510 τήν
1014 433 1191 512 παρθενίαν

73 547 113 588 ³75
126 545 156 585 M·
171 532 263 612 αὐτῆς
286 531 473 610 διαφυλάξαι.
519 529 570 592 καὶ
592 529 630 608 δή
653 529 827 603 ὑπακούσας
849 528 865 591 δ
888 528 961 603 θεὸς
981 539 1034 609 τῆς
1058 529 1191 607 δεήσεως

172 630 278 710 αὐτῆς,
306 628 416 711 έρχεται
441 629 596 702 νεανίσκος
623 651 667 700 τις
694 626 861 708 περιφανής
887 625 937 688 καί
966 629 1033 689 λίαν
1060 627 1190 707 εὐσεβής

145 727 245 809 σπρδς
272 725 324 788 τόν
351 727 557 809 πορνοβοσκὸν
584 724 707 809 ἑσπέρας
733 727 859 806 βαθείας
885 723 935 786 καὶ
963 726 1086 787 δίδωσιν
1109 725 1194 810 αὐτῷ
1283 734 1284 741 ’

171 848 206 886 νο
260 847 336 904 ματα
354 822 381 886 ε’
399 824 503 906 λέγων·
527 824 614 888 ἔασόν
633 847 684 904 μοι
701 823 757 902 τήν
779 822 873 904 κόρην
895 823 1006 902 ταύτην
1025 822 1080 896 ἕως
1098 827 1188 906 πρωΐ.

171 923 222 985 καὶ
248 922 390 984 εἰσελθὼν
417 923 459 996 εἰς
486 923 537 984 τὸν
564 921 742 1004 ἀπόκρυφον
766 920 859 982 τόπον
881 920 956 1001 λέγει
978 922 1053 1001 πρὸς
1075 920 1188 1009 αὐτήν·

171 1019 284 1082 ἀνάστα
310 1019 360 1082 καὶ
387 1020 517 1103 πορεύου
544 1014 605 1100 μετ’
627 1019 756 1101 εἰρήνης.
802 1018 852 1082 καὶ
879 1019 1005 1094 ἐνδήσας
1032 1019 1127 1098 αὐτὴν
1151 1019 1190 1080 τὰ

172 1120 272 1197 ἱμάτια
294 1118 388 1180 αύτοῶ
410 1117 460 1180 καὶ
483 1119 688 1200 περικαλύψας
708 1117 763 1196 τήν
781 1117 916 1196 κεφαλὴν
934 1116 1037 1197 αὐτῆς,
1059 1117 1189 1196 ἐξῆλθεν

132 1215 309 1300 ιοάφδορος
340 1216 390 1278 καί
417 1215 571 1294 ἀνέπαφος
597 1213 617 1295 ή
645 1215 723 1296 γυνή
750 1214 801 1277 καί
828 1216 968 1295 διεσώθη.
1014 1213 1125 1298 ήμέρας
1154 1214 1190 1278 δέ

170 1313 332 1398 γενομένης
352 1314 403 1377 καί
426 1325 478 1376 τοῦ
502 1315 650 1396 δράματος
671 1312 872 1396 γνωσθέντος,
895 1313 1002 1394 ἐκρίθη
1026 1312 1042 1375 δ
1064 1315 1191 1385 νεανίας

171 1412 376 1496 ἀναιρεθῆναι.
422 1411 472 1473 καὶ
495 1413 601 1474 τούτου
623 1410 785 1493 γενομένου
810 1411 958 1492 ἐπλήρωσε
983 1411 1016 1474 τὸ
1041 1412 1189 1493 κυριακὸν

171 1511 272 1592 λόγιον
299 1511 332 1572 ιδ
359 1508 456 1591 λέγον·
485 1510 602 1587 μείζονα
629 1510 737 1588 ταύτης
764 1507 884 1590 ἀγάπην
911 1508 1010 1582 οὐδεὶς
1037 1509 1108 1589 ἔχει,
1135 1509 1189 1570 ἵνα

172 1630 216 1680 τις
238 1606 293 1685 τήν
315 1606 419 1686 ψυχήν
442 1605 534 1667 αὐτοῦ
557 1613 601 1690 δή
624 1604 699 1687 ὑπὲρ
721 1616 782 1668 τῶν
805 1607 900 1684 φίλων
923 1606 1025 1668 αὐτοῦ.

133 1729 159 1770 15
196 1724 198 1732 ’
236 1697 360 1783 Ὁμοίως
392 1701 423 1765 δέ
455 1703 506 1764 καὶ
542 1701 628 1778 ἀλλος
660 1728 704 1778 τις
736 1705 872 1783 μονάζων
903 1704 1093 1785 κατασχεθεὶς
1125 1704 1187 1768 ύπδ

172 1811 231 1864 τῶν
254 1800 383 1864 ἀνοσίων
406 1801 526 1863 ἐκείνων
553 1801 605 1864 καί
627 1801 744 1882 ἀσεβῶν
767 1801 838 1882 μετὰ
859 1807 976 1864 πολλῶν
998 1812 1113 1864 ποιυῶν
1134 1803 1187 1864 καί

173 1900 331 1982 μαστίγων,
354 1905 518 1962 τελευταῖον
540 1899 705 1980 ἐπενόησαν
727 1900 863 1981 πονηρὰν
886 1899 1021 1962 ἐπίνοιαν
1041 1901 1084 1975 εἰς
1102 1907 1186 1979 φθο-

172 1998 228 2081 ράν
255 2009 308 2078 τῆς
335 1998 533 2080 σωφροσύνης
560 2009 613 2060 τοῶ
641 2000 759 2060 δικαίου
787 1999 914 2060 τοιόνδε·
945 1999 1051 2080 κλίνην
1073 1998 1129 2081 γὰρ
1151 2001 1185 2062 ἐν

172 2120 231 2160 τινι
259 2097 346 2181 κήπῳ
373 2098 553 2178 στρώσαντες
579 2096 629 2158 καὶ
651 2097 704 2160 τόν
726 2097 812 2178 όίγιον
834 2096 867 2158 ἐν
889 2094 964 2181 αύτή
989 2097 1185 2176 δεσμήσαντες

132 2219 159 2260 ιο
173 2194 332 2275 έπαφήκαν
360 2195 439 2280 αὐτῷ
462 2196 588 2278 γύναιον
615 2192 758 2274 ἀσεμνον,
788 2191 829 2267 ὦς
855 2192 893 2255 ἀν
919 2193 970 2256 καὶ
997 2193 1029 2256 ἐκ
1055 2205 1109 2275 τῆς
1131 2205 1183 2257 τοῦ

222 2343 223 2346 ¹
245 2363 279 2411 13
297 2357 358 2412 Joh.
376 2362 418 2425 15,
433 2362 474 2410 13.
494 2389 529 2397 -
549 2362 581 2410 15
598 2362 688 2412 Τοῦτο
708 2358 738 2413 ἐκ
756 2366 806 2412 τοῦ
825 2354 887 2429 βίου
905 2365 955 2410 τοῦ
972 2353 1055 2426 ἁγίου
1073 2359 1183 2412 παύλου

172 2436 222 2507 τοῦ
240 2425 365 2500 θηβαίου
383 2445 439 2496 mg.
455 2429 514 2482 cod.
530 2429 617 2498 Mosq.
904 2449 908 2453 ¹

244 2575 260 2622 6
283 2569 334 2640 τήν
357 2569 444 2638 κόρην
466 2569 571 2639 ταύτην
588 2569 664 2628 ABF
689 2571 794 2640 ταύτην
819 2571 871 2641 τήν
894 2570 982 2640 κόρην
1005 2570 1137 2625 ΟΒΕΙΝ
1158 2580 1185 2628 et

172 2653 242 2694 rece.
258 2641 375 2710 quidam
398 2639 503 2709 ταύτην
521 2657 571 2695 σοι.
590 2657 660 2695 rece.
680 2641 731 2695 alii
752 2641 803 2711 τήν
822 2641 909 2711 κόρην
927 2659 978 2698 om.
995 2641 1027 2698 P.
1046 2673 1079 2682 -
1099 2649 1133 2696 13
1150 2644 1182 2697 τό

173 2711 284 2782 φάσκον
297 2712 355 2766 AD.
375 2743 409 2754 -—
431 2716 463 2764 16
482 2711 531 2766 καί
545 2714 605 2780 (om.
620 2713 653 2783 B)
668 2713 736 2783 μετὰ
753 2712 857 2774 πολλὰς
874 2712 934 2783 (τὰς
951 2715 1016 2768 add.
1030 2713 1063 2783 B)
1081 2714 1183 2776 ποινὰς

173 2784 222 2838 καί
239 2783 444 2856 μάστιγαςΒΙι.
459 2814 494 2822 -
513 2788 547 2838 20
566 2781 602 2836 ἀν
621 2785 669 2838 καί
688 2785 718 2839 ἐκ
731 2784 807 2837 ΑΒΡ
826 2781 862 2839 ἀν
881 2785 912 2840 ἐκ
928 2785 995 2838 τεΙι
1017 2783 1055 2840 ἀν
1073 2785 1105 2840 ἐκ
1121 2785 1182 2842 rell.

230 2931 260 2992 16
284 2924 310 2981 ε’
331 2942 399 2980 εσσε.
423 2926 455 2982 in
476 2926 505 2979 P.
530 2957 564 2966 -
593 2931 667 2980 9.10
691 2927 808 2995 ἐξῆλθεν
835 2926 968 2996 ἀφθορος
994 2927 1011 2996 ἡ
1037 2925 1106 2996 κόρη
1133 2930 1182 2982 καὶ

173 2996 282 3064 ἀπέδρα
299 2996 330 3052 P.
354 3029 389 3039 -
413 3003 445 3051 11
464 2996 640 3068 γνωσθέντος
662 2996 790 3068 ἀνηρέδη
813 2997 876 3053 ἀντ’
892 2999 980 3066 αὐτῆς
1002 2998 1017 3052 ό
1036 2996 1182 3062 νεανίσκος

172 3069 319 3137 πληρώσας
330 3067 361 3123 Ρ.
376 3099 409 3108 -
431 3074 463 3122 13
482 3069 514 3124 τδ
532 3068 613 3138 λέγον
631 3087 682 3125 om.
697 3069 726 3124 P.
743 3101 777 3111 —
798 3075 831 3124 14
849 3078 898 3124 τοῦ
918 3068 1002 3138 φίλου
1016 3069 1045 3122 Ρ.
1064 3101 1096 3109 -—
1115 3072 1182 3126 Post

173 3141 260 3195 αὐτοῦ
282 3140 304 3193 Ρ
328 3141 407 3194 adds
429 3141 477 3195 καί
499 3139 553 3210 γδιρ
577 3140 591 3195 δ
615 3141 734 3213 χριστός.
747 3149 829 3195 τοῦτο
852 3139 987 3210 πεποίηκε
1009 3140 1107 3212 λέγων·
1133 3141 1182 3196 διὰ

172 3209 257 3285 τοῦτό
273 3203 340 3280 με’Ᾰδ
359 3211 450 3280 πατὴρ
469 3213 567 3281 ἀγαπῶ
591 3209 633 3266 δτι
655 3212 709 3281 ἐγὼ
731 3211 783 3281 τήν
801 3223 844 3281 ψυ
862 3212 897 3280 ήν
914 3231 969 3282 μου
992 3209 1091 3282 τίθημι
1111 3212 1184 3280 ύπέρ

172 3277 229 3338 τῶν
239 3281 395 3353 προβάτων
410 3281 481 3352 (Joh.
501 3267 615 3352 10‚‘17).
644 3280 714 3338 ὅθεν
736 3284 822 3352 φησίν
841 3234 963 3352 ίωάννης
981 3283 1123 3353 (1.J0h.3‚
1138 3288 1182 3354 16)

174 3353 264 3421 ὥσπερ
284 3354 368 3415 αὐτὸς
385 3353 437 3422 τήν
454 3354 549 3425 φυγὴν
568 3355 655 3408 αὐτοῦ
675 3355 779 3423 έθηκεν
801 3353 871 3422 ὑπὲρ
894 3354 973 3423 ἡμῶν
996 3354 1083 3419 οὕτως
1106 3352 1184 3424 ὀφεί-

173 3429 256 3494 λομεν
274 3425 323 3478 καλ
340 3424 419 3494 ἡμεῖς
436 3425 506 3492 ὑπὲρ
524 3434 580 3479 τῶν
598 3425 729 3494 ἀδελφῶν
747 3425 825 3494 ήμῶν
843 3425 894 3488 τὰς
906 3425 1001 3498 φυγὰς
1013 3425 1132 3481 τιθέναι.
1148 3459 1182 3469 -

175 3503 208 3550 16
227 3497 334 3568 ἀσεβῶν
352 3513 402 3551 om.
422 3495 452 3549 P.
476 3509 510 3536 -ss
536 3501 568 3549 19
587 3497 758 3562 στρώσαντες
775 3497 824 3550 καλ
841 3505 941 3552 τοῦτον
960 3497 990 3552 ἐν
1009 3497 1079 3568 αὐτῇ
1098 3517 1184 3552 κατα-

173 3566 272 3628 θέντες
289 3568 374 3638 έπαφ.
389 3567 418 3622 Ρ.
