2617 3909
188 196 255 263 640
500 197 888 251 rnnmonnonnxon

192 343 387 427 Θεοδώρητον
406 343 457 406 ιιαί
468 340 554 425 Ἲβαν
572 342 664 407 πολλὰ
682 343 892 423 καταβοήσασα
910 342 968 405 οάιι
983 341 1078 417 ἀλλως
1095 341 1225 417 αὐτοὺς

189 441 317 522 ἐδέξατο,
340 442 366 503 εἰ
385 441 426 521 μὴ
449 442 592 523 πρότερον
610 440 828 520 ἀνεθεμάτισαν
850 440 887 503 τδι
909 441 972 503 ἴδια
993 439 1113 523 πονηρὰ
1136 462 1221 523 συγ-

189 540 345 625 γράμματα
374 538 424 601 καί
454 540 610 619 Θεόδωρον
639 538 690 601 καί
717 537 890 621 Νεστόριον.
939 535 1024 619 ἡμεῖς
1054 536 1087 601 δέ
1117 562 1220 602 ιιατα-

188 640 329 720 κρίνομεν
351 635 401 698 ιιαδ
424 634 679 716 ἀναθεματίζομεν
700 635 775 719 πρὸς
793 642 855 709 τοῖς
873 634 971 709 ἀλλοις
993 636 1104 697 ἁπασιν
1128 638 1219 719 αίρε-

162 741 281 808 ιτιιιοῖς
299 740 360 807 τοῖς
378 740 582 816 ταταιιριθεῖσι
601 732 651 795 καί
668 732 954 813 ἀναθεματισθεῖσιν
972 732 1030 795 ύπό
1049 742 1109 795 τῶν
1127 734 1218 817 είρη-
1303 755 1304 820 }

190 831 288 913 μένων
310 830 403 913 ἁγίων
427 828 459 892 δ’
476 830 614 893 συνόδων
636 829 687 893 καί
710 831 866 911 Θεόδωρον
885 831 938 893 τόν
958 830 1119 913 γενόμενον
1142 830 1215 893 έπέ-

189 947 303 991 σιιοπον
324 929 563 1008 Μομψουεστίας
585 927 635 991 aaz
657 928 693 990 τὰ
715 930 845 1009 δυσσεβῆ
868 929 1080 1011 συγγράμματα
1101 928 1216 1011 αὐτοῦ,

188 1024 239 1089 καί
267 1024 366 1105 μέντοι
394 1024 445 1089 καί
476 1024 512 1087 τὰ
538 1036 636 1100 κακῶς
668 1025 749 1109 παρὰ
778 1026 973 1107 Θεοδωρήτου
1000 1026 1216 1109 συγγραφέντα

190 1124 265 1185 ιιατά
286 1147 317 1186 τε
339 1133 392 1203 τῆς
415 1121 513 1206 ὀρθῆς
537 1126 661 1199 πίστεως
682 1122 733 1185 ιιαδ
755 1134 815 1185 τῶν
838 1122 883 1204 ιβ’
905 1125 1075 1204 κεφαλαίων
1097 1134 1152 1187 τού
1176 1125 1216 1188 έν

150 1246 176 1289 το
189 1220 286 1304 ἁγίοις
308 1223 458 1302 Κυρίλλου
486 1220 536 1285 ιιαὶ
562 1232 615 1301 τῆς
642 1221 675 1284 έν
695 1216 812 1307 Ἐφέσῳ
830 1222 950 1305 πρώτης
972 1224 1052 1304 ίερᾶς
1074 1223 1216 1285 συνόδου

189 1319 239 1382 καί
271 1320 326 1383 ὅσα
353 1317 428 1400 ἁπέρ
456 1321 637 1401 συνηγορίας
667 1319 825 1400 Θεοδώρου
855 1318 906 1380 καί
934 1321 1099 1401 Νεστορίου
1126 1319 1214 1403 αύτῷ
1253 1326 1257 1335 ’

188 1417 356 1501 γέγραπται.
410 1416 485 1499 πρὸς
516 1418 631 1491 τούτοις
662 1416 915 1496 ἀναθεματίζομεν
946 1416 996 1478 καί
1027 1415 1082 1496 τὴν
1113 1415 1212 1496 ἀσεβῆ
1303 1493 1304 1498 ¹

189 1516 346 1594 ἐπιστολὴν
368 1514 424 1594 την
446 1514 607 1596 λεγομένην
629 1514 710 1596 παρὰ
726 1509 793 1595 Ἴβα
810 1515 981 1599 γεγράφθαι
1003 1512 1078 1595 πρός
1097 1514 1212 1593 Μώριν

190 1613 241 1675 τόν
264 1610 386 1693 Πέρσην
413 1612 469 1690 τήν
492 1610 681 1693 ἀρνουμένην
703 1612 756 1674 τόν
778 1612 853 1674 θεὸν
875 1611 964 1693 λόγον
990 1611 1024 1675 έκ
1044 1620 1097 1690 τῆς
1120 1609 1211 1691 ἁγίας

150 1731 175 1773 τε
190 1710 314 1791 Μαρίας
332 1717 385 1788 τῆς
403 1707 548 1769 θεοτόιιου
567 1707 759 1789 σαρκωθέντα
777 1708 942 1790 ἀνθρωττον
959 1714 1139 1791 γεγενῆσθαι
1155 1708 1210 1769 καὶ

189 1806 241 1868 τὸν
272 1803 433 1867 θεσπέσιον
463 1806 615 1888 Κύριλλον
646 1803 687 1879 ὡς
718 1805 864 1887 αἱρετικὸν
892 1806 1124 1886 διαβόλλουσαν,
1156 1804 1211 1866 καὶ

190 1900 384 1983 μεμφομένην
406 1900 461 1983 μὲν
483 1902 538 1981 τὴν
566 1901 598 1963 έν
617 1896 735 1987 Ἐφέσῳ
758 1903 879 1985 πρώτην
902 1901 991 1984 ἁγίαν
1013 1904 1143 1966 σύνοδον
1166 1901 1210 1977 ώς

188 1999 277 2085 χωρίς
304 2001 426 2084 κρίσεως
452 1998 502 2061 καί
525 2000 671 2080 ζητήσεως
693 2000 858 2083 Νεστόριον
879 2005 1068 2063 καθελούσαν
1093 1998 1144 2062 καί
1171 2000 1209 2061 τὰ

189 2097 234 2180 ιβ’
251 2099 398 2177 κεφάλαια
420 2106 473 2161 τοῦ
497 2099 643 2179 μακαρίου
661 2099 814 2178 Κυρίλλου
836 2099 1048 2175 διαπτύουσαν,
1071 2098 1208 2161 έιιδιιιοῦ-

149 2219 175 2259 ιο
190 2214 246 2259 σαν
273 2194 306 2258 δέ
331 2196 496 2278 Νεστόριον
527 2193 577 2257 καὶ
607 2196 763 2283 Θεόδωρον
790 2196 840 2258 καί
867 2195 902 2257 τὰ
929 2202 1078 2279 θεοστυγῆ
1105 2196 1207 2259 αὐτῶν

189 2294 400 2375 συγγράμματά
422 2316 451 2354 τε
474 2292 525 2354 καί
552 2294 692 2374 δόγματα.
738 2293 785 2355 διδ
808 2294 846 2374 δὴ
870 2296 974 2355 τοίνυν
995 2294 1047 2367 τὰς
1069 2291 1124 2373 μέν
1145 2305 1207 2357 τῶν

188 2391 343 2471 αίρετιιιῶν
370 2390 483 2451 τούτων
509 2389 560 2451 ιιαί
589 2391 710 2452 πάντων
738 2390 965 2474 ἀθυροστόμους
996 2391 1129 2474 γλώσσας
1154 2392 1207 2455 καὶ

188 2486 240 2559 τὰς
263 2486 376 2547 τούτων
397 2485 607 2567 ἀσεβεστάτους
627 2488 801 2571 συγγραφὰς
823 2489 932 2563 αύτούς
954 2512 984 2550 τε
1006 2489 1076 2562 τοὺς
1098 2490 1206 2570 αἴρετε-

188 2582 261 2655 κοὰς
288 2582 357 2655 τούς
385 2581 467 2662 μέχρι
497 2582 598 2657 τέλους
627 2584 820 2665 ἐμμείναντας
852 2595 887 2672 τῇ
919 2586 1013 2671 οἰκεία
1044 2588 1205 2672 τααοδοξίρι

149 2702 174 2745 εσ
188 2677 239 2741 καί
261 2680 391 2764 πονηρίᾳ
410 2679 481 2759 μετὰ
499 2690 552 2741 τοῦ
572 2682 683 2765 πατρὸς
700 2693 754 2744 τού
772 2684 907 2762 ψεύδους
924 2684 1043 2757 εἰκότως
1061 2684 1204 2763 διαβόλου

188 2782 444 2858 συναριθμοῦντες
476 2778 612 2860 ἐροῦμεν·
649 2782 813 2863 πορεύεσθε
844 2783 883 2864 τῷ
916 2779 995 2859 φωτί
1025 2789 1079 2841 τού
1110 2781 1207 2864 πυρὸς

187 2874 272 2956 ἁμῶν
296 2873 345 2937 καί
368 2884 403 2961 τῇ
428 2878 527 2958 φλογί,
550 2864 571 2959 ᾖ
593 2876 773 2950 έξειιαύσατε.

259 3036 293 3141 ηε
312 3030 367 3084 Jes.
383 3035 426 3098 εο,
442 3035 483 3083 11.

261 3158 276 3205 6
300 3153 441 3221 τεσσάρων
469 3150 557 3223 ἁγίων
584 3153 713 3210 συνόδων
735 3155 758 3208 Β
788 3152 877 3209 ἁίων
906 3154 1034 3209 συνόδων
1059 3154 1091 3209 δ’
1109 3154 1140 3209 Ε.
1168 3189 1204 3198 -

189 3228 203 3275 7
228 3221 437 3292 μομψουίστίας
458 3224 513 3277 AM
538 3223 654 3295 μόμψου
682 3224 775 3290 ἑστίας
823 3225 873 3280 ΕΡ
900 3224 1090 3294 μοψουεστίας
1106 3226 1140 3282 V.
1169 3260 1202 3269 -

189 3299 222 3350 13
242 3293 334 3362 μοίρην
352 3294 412 3349 NV.
433 3326 466 3334 -
491 3302 523 3350 17
543 3296 594 3365 μὲν
613 3314 664 3351 om.
678 3297 733 3349 AM
751 3304 777 3351 et
793 3313 864 3352 ῐθοο.
881 3298 1018 3352 nonnulli.
1039 3330 1072 3338 —
1091 3300 1205 3367 πρώτην

188 3381 239 3418 om.
259 3363 293 3417 N.
317 3394 352 3402 —
377 3370 409 3419 19
427 3374 477 3419 τού
496 3364 637 3435 μακαρίου
654 3384 706 3421 om.
725 3367 759 3422 N.
783 3400 819 3409 -
842 3374 875 3422 21
895 3369 931 3437 δὴ
952 3386 1002 3424 ονε.
1022 3368 1071 3422 BV
1089 3377 1114 3423 et
1131 3385 1203 3425 τεοο.

188 3434 313 3502 quidam.
333 3464 367 3472 -
387 3440 420 3488 23
439 3436 624 3507 ἀσεβεστάτας
641 3438 699 3491 AB.
718 3469 754 3478 -
772 3444 811 3492 26·
825 3439 999 3507 πορεύεσθαι
1016 3439 1135 3495 AGMP.

263 3559 297 3608 14
316 3553 347 3608 ἐκ
365 3563 414 3624 τῆς
432 3553 515 3626 ἁγίας
532 3557 671 3615 θεοτόιιον
690 3558 794 3629 μαρίας
812 3579 890 3630 σαρκ.
905 3561 934 3614 Ρ.
