2617 3909
170 234 236 298 562
481 233 668 285 Γωαενιου
685 233 869 285 ωοωΑΧου

168 388 229 455 τοῖς
247 391 306 442 τῶν
325 381 458 461 μεγάλων
477 380 634 460 συμβόλων
657 381 810 461 τροπαίοις
833 378 998 460 περιπνέων
1016 390 1051 465 τή
1070 380 1186 466 ἐκκοιτή

169 490 227 541 τῶν
255 481 414 561 βαρβάρων
441 479 541 541 ἐθνῦν
569 478 639 552 τούς
661 473 814 557 Ῥωμαίων
846 478 935 559 ὅρους
964 477 1188 560 εὐπορωτέρους

169 577 315 657 ἐποίησεν.
352 586 459 638 τοῦτον
482 574 514 638 δέ
535 576 588 636 τὸν
605 575 714 638 ἑαυτοῦ
737 576 805 639 υίύν
828 585 863 661 τῇ
887 574 942 655 μέν
964 576 1060 638 ἐλπίδι
1083 576 1189 658 μέγαν,

171 678 209 759 τῷ
228 673 259 737 δέ
278 676 373 760 χρόνῳ
397 673 513 756 μικρόν,
537 668 636 757 (μόλις
658 673 714 755 γὰρ
738 666 777 754 ήν
795 684 848 735 τοῦ
867 672 961 736 οὐδοῦ
979 683 1032 754 τῆς
1049 676 1190 754 νεότητος

144 795 156 835 ε
171 766 367 855 ἐπιβεβηκὼς)
392 778 574 857 σνγιιλητικῷ
591 795 649 834 τινι
666 766 832 858 Ἀμαξοβίρι
851 779 986 857 κοινωνῷ
1005 773 1098 835 αὐτοῦ
1115 796 1189 853 τυγ-

170 872 290 951 χάνοντι
313 880 365 949 τής
387 856 508 951 γνώμης
536 870 586 931 καί
613 880 673 931 τῶν
695 869 826 931 ἐπαίνων
853 869 1062 951 παραδέδωκεν
1084 870 1190 933 ἐκπαι-

170 969 275 1030 δεύειν.
312 968 391 1042 ὅστις
407 964 581 1048 Ἀμαξόβιος
603 966 821 1049 έγχειρισθέντα
848 967 928 1052 αὐτῷ
947 968 999 1030 τὸν
1019 966 1089 1030 νέον
1110 990 1189 1048 πρα-

170 1066 261 1149 ϋτύτη
294 1067 468 1151 διδασκαλίᾳ
500 1065 550 1127 καί
582 1063 782 1149 αὐστηροτέραν
811 1067 949 1149 κολακείᾳ
975 1067 1017 1139 είς
1049 1066 1190 1149 λαμπρὰν

169 1162 295 1243 ἀσκησιν
318 1174 370 1243 τής
393 1167 469 1245 ζωής
492 1162 670 1244 ἐστερέωσεν.
717 1162 808 1224 ἐκεῖσε
834 1164 938 1225 τοίνυν
965 1162 1050 1237 ὄντος
1077 1165 1189 1225 Θεοδο-

130 1283 156 1322 10
171 1263 252 1342 σίου,
280 1258 353 1323 καθ’
374 1264 489 1336 ὐπνους
512 1261 618 1323 ἑαυτὸν
644 1259 755 1323 είδέναι
778 1258 889 1341 λέγεται
910 1262 1048 1346 βασιλικῇ
1072 1263 1189 1341 χλανίδι

70 1374 111 1413 464
124 1372 154 1411 M·
169 1360 218 1421 καὶ
251 1362 393 1444 πορφύρᾳ
429 1358 656 1439 κεκοσμημένον.
706 1360 956 1421 Οὐαλεντινιανοῦ
990 1358 1022 1421 δέ
1053 1370 1107 1421 τοῦ
1139 1358 1188 1440 γέ-

171 1481 275 1538 ροντος
297 1458 536 1537 τελευτήσαντος,
561 1458 735 1536 Μαξιμῑνος
754 1454 770 1516 6
794 1457 901 1536 δήμιος
922 1455 978 1535 τήν
1001 1456 1190 1538 ὐπαρχύτητα

170 1564 229 1615 τῶν
257 1556 390 1616 Γαλλίων
418 1556 460 1627 εἰς
489 1556 599 1633 μανίαν
626 1554 730 1635 ἔτρεψε
762 1555 814 1614 καί
843 1577 910 1615 τινα
939 1554 1088 1635 συσκευήν
1116 1572 1191 1615 συν-

171 1650 310 1723 τεθεικὼς
345 1652 506 1714 Θεοδόσιον
542 1651 594 1712 τὸν
624 1652 795 1733 πρεσβύτην
830 1657 892 1724 τοῖς
923 1653 1074 1733 τροπαίοις
1105 1674 1190 1713 κεκο-

133 1772 157 1812 ιτ
171 1746 313 1830 ρεσμένον
336 1759 490 1830 σφαγῆναι
512 1746 695 1831 προσέταξεν.
733 1747 767 1823 ὃς
784 1748 856 1831 πρὶν
874 1750 1030 1833 τελευτήσῃ
1049 1749 1081 1810 τὸ
1100 1755 1190 1811 θεῖον

172 1846 321 1927 βάπτισμα
350 1847 508 1926 δεξάμενος
538 1846 588 1907 καὶ
618 1848 660 1921 εἰς
688 1847 743 1927 τήν
770 1846 941 1908 ἀθανασίαν
972 1846 1192 1929 ἀναγεννηθεὶς

172 1944 363 2024 ἐτελεύτησεν.
409 1944 483 2006 κατὰ
510 1943 542 2006 δὲ
570 1946 622 2008 τὸν
649 1946 742 2008 αὐτὸν
771 1943 876 2025 καιρὸν
903 1942 919 2005 δ
946 1947 1085 2026 νεώτερος
1115 1947 1190 2007 Θεο-

173 2042 273 2115 δόσιος
295 2042 327 2103 έν
350 2053 385 2128 τῇ
410 2053 463 2105 τοῦ
487 2042 595 2115 δουκὸς
618 2042 687 2127 ἀξίρι
709 2042 876 2123 ἐτύγχανεν,
899 2048 938 2126 τῷ
959 2040 990 2103 δέ
1013 2043 1092 2127 αὐτῷ
1111 2042 1189 2123 βέλει

173 2151 224 2202 τοῦ
249 2140 371 2219 φθόνου
394 2130 470 2226 ᾧπερ
494 2140 544 2201 καὶ
568 2138 583 2201 6
602 2140 699 2222 πατὴρ
723 2139 772 2201 διὰ
792 2141 968 2219 Μαξιμίνου
991 2139 1100 2219 δμοίως
1123 2138 1190 2201 ἀδί-

133 2262 159 2300 ιο
172 2262 232 2311 κως
250 2237 420 2300 ὑπέπιπτεν.
457 2233 520 2299 ἀλλ’
538 2236 554 2299 6
570 2237 641 2310 θεὸς
661 2237 753 2299 αὐτὸν
772 2236 918 2298 διέσωσεν.
956 2238 1097 2316 μεινάσης
1114 2231 1186 2319 παρ’

172 2335 251 2419 αὐτῷ
270 2346 323 2415 τής
346 2335 439 2416 ἀξίας,
462 2335 512 2397 καὶ
535 2346 587 2415 τῆς
610 2336 715 2409 οὐσίας
737 2334 937 2414 ἀναδοθείσης
959 2335 1046 2419 αὐτήη
1069 2335 1111 2409 είς
1132 2336 1189 2416 τὴν

171 2430 307 2515 πατρῴαν
334 2443 391 2514 γήν
418 2443 477 2494 τῶν
500 2434 655 2512 Σπανίων,
683 2433 716 2495 ἐν
738 2422 758 2518 V
786 2432 836 2493 καὶ
859 2432 1024 2513 ἐγεννήθη,
1051 2433 1190 2511 ἐφοίτησε

171 2529 370 2610 προστάγματι
398 2532 537 2614 βασιλικῷ
562 2530 652 2592 ἐκεῖσε
680 2528 797 2612 ἡσύχως
829 2530 878 2591 καὶ
910 2531 1011 2611 πράως
1040 2531 1092 2593 τὸν
1120 2532 1190 2611 βίον

172 2626 298 2706 διάγων,
327 2629 497 2688 Πλακίλλαν
525 2626 557 2689 δὲ
585 2629 647 2690 τότε
671 2629 726 2708 τήν
748 2627 912 2710 γενομένην
935 2628 1113 2709 Αὐγούσταν
1135 2653 1190 2709 γα-

133 2746 158 2786 25
173 2723 264 2803 μετήν
286 2723 410 2806 ἠγάγετο
438 2726 500 2788 τότε
527 2725 577 2787 καὶ
604 2725 742 2806 βασιλέας
769 2726 798 2799 ἐξ
826 2725 920 2805 αὐτής
947 2726 1096 2804 ποιήσων,
1123 2726 1190 2804 ήτις
1306 2737 1307 2740 ’

244 2966 328 3039 3μγέ
331 2990 349 3023 α
367 2968 500 3022 BFV-
520 2974 605 3022 4τοῦ
624 2968 749 3022 οὐδοῦΒ
768 2969 802 3022 οὐ
820 2975 870 3021 τοῦ
890 2968 1013 3051 βαθμοῦ,
1033 2964 1097 3022 οὐδ’
1114 2967 1148 3020 οὐ
1163 2968 1190 3020 Α

172 3046 222 3092 τοῦ
242 3042 355 3109 βαθμοῦ
374 3040 489 3093 rell.-
509 3045 524 3092 5
544 3037 687 3129 αμαξοβιω
705 3038 730 3091 Ι)
749 3046 774 3093 ιλ
791 3055 861 3092 rece.
879 3038 970 3105 multi,
990 3041 1094 3093 ι’ίουιυ
1111 3043 1134 3090 7.
1155 3070 1191 3077 -

174 3109 371 3176 ὐπαρέδωκεν
390 3110 530 3236 E2.—RV
550 3110 595 3163 9’
586 3110 673 3173 ὐντως
691 3110 827 3164 DFL-
847 3115 880 3162 10
900 3110 972 3163 ἰδεῖν
991 3110 1013 3161 Β
1032 3109 1190 3177 conjectura

169 3182 371 3249 probabili-
408 3179 590 3251 κμαξιμίνος
607 3180 688 3234 AGM
707 3189 733 3236 et
750 3181 815 3234 Exc.
835 3180 871 3235 de
889 3180 1001 3234 insidiis
1029 3180 1190 3250 μάξιμοςλλ

173 3249 288 3307 Dm
303 3256 378 3305 2-
399 3253 453 3307 ἐπα
455 3251 538 3323 ρηχύτ
540 3272 574 3306 τα
592 3251 701 3306 RV.-—
722 3257 755 3305 13
774 3249 892 3321 γαλλιων
910 3252 1011 3321 smpsi
1027 3269 1089 3306 oum
1108 3249 1189 3305 codd.

173 3328 199 3376 et
216 3320 335 3374 Exst-
355 3323 453 3389 ἔτρεψε
467 3323 565 3376 ABFL
573 3323 638 3377 Exo
664 3322 709 3376 ἔστ
711 3334 779 3391 ρεψε
797 3322 916 3377 rell.-
942 3328 974 3375 15
994 3320 1140 3393 τελευτήση
1160 3321 1190 3374 Μ
1304 3333 1305 3336 ’

173 3390 327 3458 τελευτήσει
335 3392 493 3448 ACDELV
500 3395 565 3447 Exc.
580 3394 799 3483 τιελεγτήσαιΒύἹ
813 3392 1062 3460 τελευτήσαςΒ.-
1079 3398 1111 3446 17
1121 3396 1189 3447 θεο

174 3460 269 3525 δύσιος
283 3461 298 3515 6
313 3464 446 3530 νεώτερος
455 3464 557 3518 MExo.
573 3464 588 3517 6
603 3464 736 3530 νεώτερος
745 3464 770 3518 V
779 3482 834 3533 αρε.
844 3482 910 3519 vers
917 3466 1055 3520 rubro.—
1069 3470 1102 3517 19
1116 3456 1189 3536 ὥπερ

173 3532 298 3586 BFExc.
320 3531 386 3602 ὅπερ
406 3535 516 3588 το]1.-
534 3532 655 3603 μαξίμου
673 3534 699 3587 R
717 3543 743 3590 et
760 3536 784 3589 D
801 3554 835 3590 m.
850 3539 930 3588 2-
951 3536 966 3589 6
967 3533 1053 3605 μοίως
1071 3552 1121 3590 om.
1137 3534 1190 3587 LM

174 3604 295 3657 Excae-
313 3610 347 3658 20
366 3602 449 3676 παρ’]
469 3606 594 3674 769?—
614 3611 646 3657 22
667 3604 805 3661 ίσπανίων
824 3606 881 3659 RV.
