2617 3909
538 240 726 291 XPONIKON
802 178 805 186 '
1068 238 1134 303 633

123 389 156 450 σί
175 397 228 469 τῆς
249 387 370 450 ἐκείνων
393 388 559 467 συμμορίας
580 385 753 461 ἀθανάτους
775 380 851 449 εἶναι
872 386 922 461 τὰς
939 387 1040 469 ψυχὰς
1062 406 1134 449 συν-
1164 399 1167 406 ’

122 486 355 568 ομολογήσαντες
386 485 585 566 προϋπάρχειν
616 485 724 558 ταύτας
753 484 871 565 ἔφησαν
902 494 961 547 τῶν
990 486 1134 565 σωμάτων

123 582 174 645 καλ
196 585 294 664 δῆμον
316 577 393 645 εἶναι
414 592 532 663 ψυχῶν,
556 580 607 644 καί
628 582 681 656 τὰς
702 584 928 663 πλημμελοάσας
950 583 993 658 είς
1014 584 1134 663 σάματα

122 682 323 762 καταπίπτειν,
346 678 387 755 ὡς
408 680 497 762 ἔφην,
522 679 572 742 καί
594 680 664 753 τοὺς
686 679 741 760 μὲν
762 681 889 765 πικροὺς
909 680 960 743 καί
981 680 1134 765 πονηρους

121 780 164 853 εἰς
191 780 362 860 παρδάλεις,
394 778 464 853 τοὺς
491 776 524 840 δὲ
551 776 756 861 διρπακτικοδς
780 779 823 854 είς
849 780 973 861 λάκκους,
1004 779 1074 854 τοὺς
1100 777 1132 841 δέ
1159 798 1173 839 σ

121 878 260 960 δολεροὺς
291 878 333 951 εἰς
364 876 530 958 ἀλώπεκας,
562 875 631 950 τοὺς
664 874 696 939 δέ
727 883 913 957 δηλνμανεῖς
942 878 985 951 είς
1014 878 1132 952 ἴτκωυς.

121 972 141 1054 ἡ
160 974 193 1038 δέ
211 975 350 1055 ἐκκλησία
371 981 433 1049 τοῖς
449 977 546 1048 θείοις
563 972 693 1055 ἑπομένη
712 976 810 1057 λόγοις
832 976 940 1055 φάσκει
957 974 1013 1055 την
1029 975 1133 1057 φυχην

121 1074 441 1155 συνδημιουρχηθῆναι
463 1078 503 1158 τῷ
523 1074 634 1152 σάματι
655 1072 708 1134 καί
730 1072 766 1136 οά
788 1072 821 1136 τὸ
845 1072 899 1153 μέν
920 1074 1078 1157 πρότερον,
1099 1075 1133 1137 τδ

121 1169 155 1232 δὲ
176 1170 309 1252 ὕστερον,
331 1170 405 1232 κατδι
426 1170 482 1250 τὴν
496 1164 668 1252 Ὠριχίνους
691 1172 933 1253 φρενοβλάβειαν.
970 1172 1020 1233 δεδι
1042 1180 1133 1234 ταῦτα

119 1261 176 1331 σδν
207 1268 243 1329 τδι
275 1267 393 1350 πονηρὰ
423 1266 474 1329 καί
510 1265 632 1350 δλέθρια
664 1266 808 1350 δόγματα,
845 1273 955 1348 μᾶλλον
982 1267 1015 1331 δέ
1041 1270 1133 1350 ληρή-
1146 1288 1173 1329 ισ

120 1388 212 1446 ματα,
239 1363 439 1446 προτρέπομεν
461 1364 531 1439 τοὺς
553 1364 732 1439 δσιωάτους
757 1364 837 1445 ὑμᾶς
862 1366 905 1440 εἰς
926 1367 964 1428 ἓν
986 1365 1133 1449 συνηγμέ-

119 1485 193 1538 νους
211 1463 352 1543 ἐπιμελῶς
370 1462 500 1543 ἐντυχεῖν
518 1472 553 1548 τῇ
572 1461 792 1548 δποτεταχμένη
808 1462 926 1526 ἐκθέσει
942 1463 993 1525 καί
1010 1463 1133 1527 ἕκαστον

118 1570 179 1623 τῶν
197 1560 297 1623 αὐτῶν
318 1561 488 1639 κεφαλαίων
509 1561 686 1643 κατακρῑναί
701 1583 732 1628 τε,
752 1560 803 1622 καί
824 1559 1039 1642 άναθεματίσαι
1062 1561 1133 1643 μετὰ
1145 1572 1185 1615 ⁶³¹
1199 1572 1230 1612 Κ

118 1668 172 1723 τοῦ
194 1660 357 1740 δυσσεβοῦς
372 1653 543 1740 Ὠριγένονς
564 1657 615 1720 καί
636 1659 757 1720 πάντων
780 1668 839 1721 τῶν
858 1658 1034 1722 τὰτοιαῦτα
1055 1683 1132 1742 φρο-
1191 1675 1193 1678 ’

117 1758 254 1821 νοάντων
275 1755 296 1838 ἢ
319 1756 535 1840 φρονησάντων
557 1757 599 1830 είς
620 1755 709 1831 τέλος.
1145 1776 1171 1819 ισ
1204 1767 1206 1772 “

176 1851 268 1937 ’Ἀπερ
290 1854 329 1935 δη
352 1854 458 1919 λοιπὸν
474 1852 495 1934 η
513 1855 641 1928 σύνοδος
663 1853 825 1937 ἀκούσασα,
848 1854 898 1918 καί
920 1857 1017 1918 πάντα
1039 1859 1132 1937 βασα-

118 1954 251 2026 νίσαντες
279 1953 312 2015 οί
336 1958 415 2015 θεῖοι
440 1951 562 2035 πατέρες
589 1951 761 2034 ἐξεβόησαν·
794 1952 1048 2034 ἀναθεματίζομεν
1077 1955 1132 2016 ὅλα

117 2059 209 2112 ταῦτα
236 2050 306 2130 μετδι
328 2052 449 2125 πάντας,
468 2050 538 2123 τοὺς
560 2049 739 2135 τὰτοιαῦτα
762 2060 949 2131 φρονοῦντας
971 2049 992 2132 ἢ
1016 2052 1131 2133 φρονή-

116 2165 226 2223 σαντας
248 2147 330 2231 μέχρι
352 2147 460 2222 τέλους.

180 2239 332 2319 Ὡσαύτως
354 2244 387 2308 δὲ
409 2245 459 2307 καί
481 2244 548 2328 περὶ
569 2245 726 2326 Θεοδώρου
749 2254 802 2307 τοῦ
820 2247 1059 2326 Μομψουεστίας
1081 2246 1131 2309 καί
1144 2265 1172 2306 ιο

117 2352 178 2405 τῶν
200 2348 312 2405 λοιπῶν
339 2344 416 2405 οὕτω
439 2343 528 2405 πάλιν
551 2341 646 2422 φησίν
669 2342 685 2406 δ
708 2343 859 2424 βασιλικὸς
881 2344 985 2418 τύπος·
1013 2343 1131 2424 σπουδὴ

118 2438 220 2522 γέχονε
242 2445 304 2513 τοῖς
327 2437 497 2522 ὀρθοδόξως
519 2440 569 2502 καί
590 2440 718 2521 εὐσεβῶς
739 2442 1048 2524 προβεβασιλευκόσιν,
1070 2448 1132 2516 τοῖς
1203 2506 1206 2513 ,

118 2536 269 2620 ἡμετέροις
291 2539 449 2622 πατράσιν,
477 2538 527 2613 τὰς
540 2536 624 2600 κατὰ
645 2537 751 2622 καιρδν
772 2537 985 2620 άναφυομένας
1007 2538 1131 2623 αἱρέσεις

189 2732 267 2782 ⁷-s
290 2726 395 2783 σκετο.
414 2728 450 2783 ο.
478 2728 575 2797 Migno
594 2727 684 2783 4810.
709 2761 743 2770 -
766 2733 865 2799 20⁸qq.
893 2696 927 2798 η’.
952 2729 1132 2799 Rescriptum

116 2798 518 2939 Rsfflaxtfilssggzgffiarohas
541 2799 571 2853 in
590 2799 662 2855 actis
681 2799 787 2869 synodi
806 2800 923 2871 quintae
942 2800 1019 2870 apud
1036 2799 1131 2856 Manui

189 3036 205 3085 ὅ
224 3030 265 3093 είς
281 3027 527 3099 παρδάλεις-εἰς
544 3030 645 3094 λύκους
663 3046 714 3085 om.
733 3030 766 3085 R.
789 3062 825 3071 -
848 3030 888 3095 εἰς
905 3030 1069 3103 παρδάλεις]
1091 3030 1131 3093 είς

118 3099 237 3170 δφειςλ
255 3101 306 3226 {lc
323 3100 426 3171 ἑρπετά
439 3100 555 3173 Τῶεοδ)
569 3118 624 3157 om.
640 3101 668 3156 Ο.
688 3134 722 3143 -
742 3104 758 3154 8
777 3102 810 3156 οδ
829 3101 874 3227 τη]
892 3100 964 3157 οὕτω
983 3100 1038 3157 cM
1056 3107 1083 3157 et
1099 3104 1131 3157 ιιδ

116 3172 172 3227 ολδ.
182 3178 244 3227 m.1
295 3174 328 3227 νἰι
340 3189 393 3243 quo
408 3173 442 3227 οδ
455 3172 487 3226 τὸ
501 3174 533 3227 ἐκ
546 3173 585 3228 lit.
596 3203 632 3214 —-
646 3178 662 3228 9
677 3174 851 3245 φρενοβλαβε
863 3173 962 3228 ανΑΝ
975 3175 1131 3245 φρενοβλα-

117 3240 184 3316 βίαν
198 3241 283 3299 GGP.
299 3275 332 3285 -
354 3247 387 3298 18
405 3242 474 3312 μετὰ
491 3243 606 3300 πάντων
623 3244 917 3313 τῶν-φρονούντων
935 3241 953 3314 ἢ
970 3244 1131 3315 φρονησάν-
1181 3259 1183 3262 ·

115 3333 173 3369 των
190 3314 279 3369 BNV.
299 3346 333 3357 -
350 3313 387 3369 τδι
405 3331 455 3370 σοι.
469 3313 527 3368 AG.
548 3346 582 3357 -
601 3321 635 3370 20
652 3323 703 3370 τοῦ
721 3332 772 3371 om.
787 3314 847 3368 PR.
867 3346 901 3357 -
924 3313 1131 3385 μομφουέστίας

115 3384 227 3440 AcGM
250 3384 364 3511 μίέφου
383 3382 477 3450 ἑστίας
492 3385 543 3439 ΕΡ
561 3383 751 3457 μοψουεστίας
763 3386 796 3440 V.
816 3418 850 3427 -
870 3392 903 3441 22
923 3386 1132 3459 βεβασιλευκότι

117 3458 178 3526 (om.
193 3460 258 3526 προ)
304 3457 337 3511 R.
358 3490 392 3499 -
410 3462 445 3513 28
464 3456 536 3512 κατδι
555 3458 671 3525 καιροὺς
688 3457 723 3511 N.

168 3636 170 3647 ·
189 3621 207 3669 4
225 3616 296 3671 κατδι
314 3614 408 3674 πίστιν
426 3618 456 3673 Ρ.
476 3650 511 3659 -
530 3623 563 3672 17
583 3614 832 3687 ἀναθεματίζωμεν
849 3615 879 3670 Ρ.
