2617 3909
539 262 728 314 Χεοαῑκοα
1075 261 1139 326 531

128 416 242 472 σασθαι
268 409 337 482 τοὺς
364 409 397 471 ἐν
424 418 459 494 τῇ
483 408 572 471 πόλει.
618 401 662 471 ὧν
684 409 740 488 τὴν
761 400 874 488 ἔφοδον
900 411 933 472 οί
954 419 1007 490 τῆς
1029 411 1141 484 πόλεως

129 508 306 587 αίσθόμενοι
332 506 382 568 καλ
411 516 493 592 φυγῇ
517 508 709 589 χρησάμενοι,
736 513 889 587 κατῆλθον
910 508 943 569 ἐκ
965 518 1025 569 τῶν
1047 505 1140 589 όρέων

128 608 162 668 οί
182 604 305 685 μοναχοί
331 604 381 666 καλ
405 604 458 666 τὸν
480 605 583 685 θυμὸν
610 604 652 678 είς
675 600 775 667 οἶκτον
798 605 963 686 μετέβαλον.
1008 599 1140 687 περίδου

128 703 181 766 καλ
204 702 220 765 δ
242 703 453 784 Χρυσόστομος
475 712 567 764 ταῦτα
590 704 709 781 φάσκει·
736 703 839 783 ἐπειδη
862 727 938 777 τινες
965 703 1066 785 μιαροὶ
1090 704 1140 765 καὶ

126 802 294 883 παμμίαρον
320 801 390 874 τοὺς
412 799 525 879 νόμους
551 802 808 880 καταπονήσαντες
831 808 973 864 καθεῖλον
994 802 1065 875 τοὺς
1087 801 1140 863 άν-
1167 824 1180 865 ε

128 900 268 981 δριάντας
286 898 337 960 καλ
354 898 421 981 περί
439 908 497 960 τῶν
516 897 643 979 ἐσχάτων
662 909 753 961 πᾶσιν
770 899 968 982 ἐπεκρέμασαν
986 902 1140 980 κίνδυνον,

127 998 176 1059 ὅτε
203 996 253 1058 καλ
281 997 312 1059 οί
336 996 416 1077 παρὰ
442 1006 495 1058 τοῦ
521 996 663 1076 βασιλέως
689 996 898 1071 άποσταλέντες
924 998 973 1060 ἐπλ
999 998 1055 1077 τὴν
1081 1008 1141 1060 τῶν

127 1092 330 1177 γεγενημένων
353 1092 481 1169 ἐξέτασιν
503 1093 536 1156 τὸ
556 1095 686 1177 φοβερὸν
708 1094 803 1157 ίκεῖνο
821 1095 1040 1177 σννεκρότησαν
1058 1099 1140 1159 δικα-

128 1193 251 1274 στήριον
282 1191 333 1253 καί
364 1193 477 1266 πάντας
508 1190 556 1255 ἐπί
587 1192 639 1265 τδις
670 1193 802 1266 εὐθύνας
833 1203 893 1254 τῶν
921 1193 1141 1274 τετολμημένων

124 1291 265 1370 ἐκάλουν,
290 1290 340 1351 καλ
363 1291 504 1352 θανάτων
528 1289 682 1370 διαφόρων
704 1290 867 1372 προσδοκία
889 1301 980 1351 πᾶσιν
1003 1284 1055 1371 ἦν,
1078 1291 1140 1353 τότε
1155 1314 1181 1354 ιο

128 1391 162 1451 οί
172 1388 224 1462 τὰς
238 1387 401 1470 ἀκρωρείας
414 1397 473 1449 τῶν
490 1385 583 1470 όρέονν
602 1397 808 1462 κατοικοῦντες
822 1387 946 1469 μοναχολ
959 1388 1014 1468 τὴν
1028 1389 1141 1451 οἰκείαν
1154 1404 1234 1445 ιοοοσ.

124 1486 311 1560 ’ἐπεδείξαντο
326 1487 516 1564 φιλοσοφίαν.
552 1486 704 1560 τοσούτοις
720 1485 777 1568 γδιρ
796 1486 887 1549 ἐτεσιν
905 1486 938 1548 ἐν
951 1492 1015 1561 ταῖς
1028 1486 1141 1549 ἑαυτῶν

127 1582 381 1666 συγκεκλασμένοι
410 1584 553 1664 καλύβαις
582 1583 705 1657 οὐδενὸς
734 1583 990 1665 παρακαλέσαντος
1017 1583 1039 1665 ἢ
1067 1603 1140 1666 συμ-

127 1683 353 1764 βουλεύσαντος,
376 1681 477 1761 ἐπειδὴ
500 1691 642 1745 τοσοῦτον
664 1681 757 1761 νέφος
779 1677 860 1745 είδον
881 1682 938 1762 τὴν
955 1682 1042 1745 πόλιν
1060 1705 1141 1766 περι-

127 1782 299 1860 ϊστάμενον,
322 1780 528 1853 καταλιπόντες
547 1780 646 1843 αύτῶν
668 1780 703 1841 τὰ
726 1781 855 1859 σπήλαια
881 1781 931 1843 καλ
953 1780 1005 1854 τὰς
1028 1781 1141 1861 σκηνὰς
1155 1804 1181 1844 ιε

126 1879 279 1940 πάντοθεν
310 1876 524 1961 συνέρρευσαν,
560 1878 658 1959 ὥσπερ
689 1878 719 1952 ἐξ
751 1878 882 1960 ούρανοῦ
913 1903 991 1953 τινες
1024 1878 1140 1962 άγγελοι

126 1976 368 2058 παραγενόμενοι.
414 1976 464 2037 καί
491 1968 531 2056 ἦν
558 1976 632 2038 ίδεῖν
659 1977 714 2056 τὴν
741 1977 829 2039 πόλιν
856 1978 990 2039 ἐοικυῖαν
1022 1978 1140 2061 ούρανοῦ

126 2074 190 2137 τότε
207 2084 359 2154 πανταχοῦ
382 2083 441 2135 τῶν
460 2072 553 2155 άγίοον
576 2074 698 2137 ἐκείνων
721 2073 911 2153 φαινομένων
933 2073 983 2135 καί
1005 2073 1065 2136 ἀπὸ
1088 2086 1140 2155 τῆς

126 2171 228 2251 όψεως
258 2172 352 2252 μόνης
381 2176 624 2254 παρακαλοῦντας
655 2172 726 2245 τοὺς
754 2169 963 2250 όδυνωμόνους
989 2171 1039 2233 καλ
1066 2173 1141 2255 πρὸς

126 2280 227 2331 πάσαν
249 2270 419 2353 ὑπεροψίαν
437 2280 595 2352 συμφορᾶς
612 2268 745 2350 άγοντας.
782 2270 826 2343 τίς
843 2269 898 2350 γὰρ
917 2268 991 2330 ίδδον
1008 2269 1140 2343 ἐκείνους
1154 2292 1180 2332 ιο

127 2368 185 2430 ούκ
210 2366 248 2428 διν
280 2368 375 2442 εὐθὺς
402 2368 603 2449 κατεφρόνησε
630 2367 766 2429 θανάτου
793 2366 842 2428 καλ
870 2369 946 2447 ζωῆς
972 2366 1155 2450 δπερεῖδεν;·

127 2468 160 2527 οἲ
180 2465 230 2526 καὶ
251 2472 313 2539 τοῖς
335 2464 458 2547 άρχουσι
485 2464 555 2545 μετὰ
577 2466 743 2547 παρρησίας
767 2463 960 2546 διελέχθησαν
984 2463 1058 2547 ὑπὲρ
1081 2476 1141 2527 τῶν

126 2562 311 2626 ὑπευθύνων
338 2563 388 2625 καλ
415 2564 447 2625 τὸ
475 2562 587 2625 ἑαυτῶν
614 2557 688 2641 αίμα
713 2564 935 2644 παρεσκεύασαν
962 2564 1069 2638 πάντες
1093 2563 1140 2625 ί-

199 2760 286 2823 4-p.
308 2758 407 2820 582,2
431 2752 571 2821 Chrysost.
595 2753 675 2807 Hom.
700 2752 737 2806 ad
764 2770 829 2822 pop.
848 2753 978 2808 Antioch.
1002 2752 1091 2821 XVII,
1116 2761 1140 2808 1.

127 2824 224 2895 Migne
241 2824 452 2893 Tom.49‚1‘12.
517 2854 525 2868 ·

199 2983 446 3054 δίπεκρέμμασοιν
459 2984 532 3037 BFP
559 2983 820 3054 άπεκρίμμασανλί
844 2981 1029 3053 ἐπικρίμασεν
1047 2983 1079 3037 A.
1107 3015 1140 3023 -

128 3062 162 3111 13
180 3056 439 3124 παρακελεύσαντος
462 3054 548 3110 CER.
573 3088 607 3097 -
636 3062 670 3108 14
692 3064 725 3127 τῇ
748 3053 828 3111 πόλει
850 3054 909 3109 RV.
935 3085 969 3095 -
998 3060 1032 3109 15
1055 3074 1140 3108 κατα-

126 3126 269 3190 λειπόντες
286 3126 426 3182 ΔΒΟΒΕ.
447 3159 480 3167 -
499 3128 592 3181 αὑτῶν
611 3126 635 3179 D
660 3126 767 3181 ἑαυτῶν
785 3124 843 3180 RV.
862 3158 898 3166 —
918 3130 950 3179 16
971 3124 1140 3194 σονίρενσαν

126 3198 182 3253 ΑΡ.
198 3230 232 3239 -
253 3204 285 3252 18
304 3196 366 3253 τότε
384 3206 529 3269 πανταχοῦ
547 3196 608 3253 τότε
621 3197 647 3251 Α
665 3206 810 3269 πανταχοῦ
829 3214 880 3251 om.
894 3195 928 3249 D.
942 3228 978 3238 -
998 3203 1030 3251 19
1049 3217 1141 3266 παρα·
1253 3211 1257 3217 “

127 3273 330 3334 καλοῦντας-
344 3268 465 3341 ἄγοντας
484 3267 642 3323 ΑΟΒΕΡΒ
673 3268 913 3337 παρακαλούντων
928 3300 961 3309 -
976 3267 1097 3338 ἄγοντας
1118 3270 1139 3322 F

127 3341 364 3408 παρακαλούντων
375 3373 408 3382 -
418 3339 545 3411 ἀγόντων
563 3339 613 3393 BV
623 3338 685 3395 chr.
710 3370 743 3381 -—
766 3345 800 3394 22
824 3337 1011 3410 διηλέγχθησαν
1030 3338 1139 3394 BOFR.

127 3445 161 3452 -
182 3419 215 3465 23
235 3413 366 3469 εὐθύνων
384 3412 438 3466 BR
461 3412 590 3467 εύθννῶν
610 3410 637 3466 O.
658 3444 692 3452 -
718 3409 827 3475 πάντας
843 3410 870 3464 V
888 3416 913 3464 et
929 3427 1000 3467 roco.
1015 3412 1139 3479 quidam.

199 3578 215 3624 3
234 3574 298 3639 περί
317 3568 355 3627 ὧν
374 3589 462 3641 φησιν
481 3572 529 3625 καὶ
548 3568 786 3640 δΧρυσόστομος·
806 3570 904 3638 ἐπειδή
916 3570 946 3625 Ρ,
965 3603 998 3611 -
1017 3576 1051 3624 23
1069 3590 1141 3637 παρ-

127 3641 312 3697 εσκευάσαντο
331 3644 353 3697 Ρ
363 3642 424 3697 chr.
