2617 3909
509 270 698 322 XPONIKON
1046 269 1113 333 413

97 419 154 500 μὲν
177 411 232 481 οὖν
255 418 290 479 αἱ
309 424 385 500 τρεῖς
403 418 712 499 προανηγορεύθησαν
729 418 932 499 αἰχμαλωσίαι,
953 416 972 498 ή
992 416 1045 498 μὲν
1064 418 1113 498 ἐτη

98 518 205 597 ἔχουσα
228 513 272 597 ν’,
299 513 319 595 ή
343 513 375 577 δέ
399 513 439 595 α’,
464 512 483 595 ή
508 513 539 577 δὲ
562 513 593 597 γ’
615 515 724 595 ήμισυ,
747 516 856 590 ἱκανῶς
878 514 1018 577 ἐντεῦθεν
1040 512 1114 595 ήμῖν

100 613 140 689 ὡς
163 609 279 697 οἷόντε
303 611 516 676 ἀποδέδεικται.
562 612 632 693 φέρε
655 613 693 693 δή
717 613 822 675 λοιπὸν
844 612 983 695 καὶπερὶ
1005 614 1114 692 ταύτης

98 714 235 792 εἴπωμεν.
287 711 331 773 ότι
358 711 413 794 γὰρ
440 710 491 773 παὶ
518 710 584 793 περὶ
611 721 664 791 τῆς
695 709 817 792 ἐσχάτης
844 712 952 791 ταύτης
979 712 1115 791 τετάρτης

96 810 148 873 καλ
162 810 328 883 τελευταίας
339 810 536 890 αἰχμαλωσίας
549 809 802 891 προανεφύινησεν
816 806 832 870 ό
845 810 1003 891 προφήτης
1016 802 1113 889 οὗτος,
1141 830 1153 869 5

96 909 190 971 αὐτὸν
222 906 385 990 παρέξομεν
409 903 554 986 Ἰώσηπον
585 908 719 990 μάρτυρα
747 906 800 969 τὸν
827 907 863 968 τά
891 906 1012 969 ἐκείνων
1039 930 1114 987 φρο-

95 1015 218 1067 νοῦντα.
265 1004 366 1084 ἐπειδὴ
389 1004 444 1087 γὰρ
467 999 529 1066 εἶπε
552 1004 587 1065 τὰ
609 1003 676 1086 περὶ
698 1014 751 1084 τῆς
770 1001 817 1067 ἐπ’
835 1001 987 1086 Ἀντιόχου
1009 1006 1114 1085 αι’χμα-

95 1104 207 1177 λωσίας
233 1101 283 1164 καί
311 1103 443 1184 μάρτυρα
469 1103 521 1165 τὸν
548 1102 709 1184 προφήτην
731 1103 916 1186 παρήγαγεν,
942 1102 1042 1185 ἐπάγει
1064 1101 1114 1164 καὶ
1127 1117 1167 1158 ειν
1180 1114 1211 1155 E

96 1200 165 1284 περὶ
193 1200 301 1281 ταύτης
329 1202 381 1262 καί
406 1217 512 1280 φησιν·
541 1201 594 1263 τὸν
621 1200 713 1263 αύτόν
739 1224 772 1282 γε
798 1224 844 1263 τοι
866 1202 976 1284 τρόπον
998 1200 1114 1280 Δανιὴλ

95 1299 149 1361 ναὶ
175 1297 242 1381 περὶ
269 1307 321 1378 τῆς
343 1294 495 1377 Ῥωμαίων
521 1295 681 1379 ἡγεμονίας
708 1296 891 1381 ἀνέγραψεν,
918 1297 969 1360 καὶ
991 1299 1036 1359 ότι
1057 1293 1110 1359 ὑπ’
1128 1322 1154 1361 ιο

97 1396 199 1458 αὐτῶν
221 1396 445 1477 ἐρημωθήσεται
467 1395 503 1457 τά
520 1390 720 1478 Ἱεροσόλυμα,
742 1395 792 1457 καὶ
813 1395 921 1469 όναὸς
942 1396 1114 1474 καταλυθή-

97 1514 187 1557 σεται.
233 1494 270 1555 σὺ
294 1493 326 1556 δέ
349 1517 399 1574 μοι
422 1494 578 1556 σκόπειτὸ
602 1495 768 1574 φιλάληθες
789 1502 843 1571 τού
866 1492 985 1577 ἀνδρός,
1015 1492 1066 1574 ὥς,
1088 1494 1116 1555 εί

97 1591 150 1654 καὶ
170 1587 312 1666 Ἰουδαῖος
335 1584 384 1672 ήν,
406 1586 470 1653 ἀλλ’
491 1591 548 1654 ούιι
569 1590 706 1673 ήνέσχετο
729 1596 857 1672 ζηλῶσαι
874 1592 929 1672 τήν
945 1588 1115 1670 Ἰουόαϊνήν

99 1690 286 1770 φιλονεικίαν
308 1713 337 1752 τε
362 1688 412 1751 καί
435 1690 648 1772 ψευδηγορίαν.
694 1689 786 1752 εἰπὼν
808 1690 864 1772 γάρ
888 1690 932 1751 ότι
955 1689 1114 1771 ἐρημωθή-

98 1808 180 1850 σεται
201 1787 237 1848 τὰ
254 1782 443 1869 Ἱεροσόλυμα
464 1786 542 1869 <ούιι
568 1787 709 1868 ἐτόλμησε
735 1794 913 1869 προσθεῖναι
935 1786 985 1848 καὶ
1009 1788 1113 1867 φάναι,
1128 1810 1154 1851 τε

100 1887 145 1948 ὅτι
176 1884 369 1964 ἀναστήσεται
401 1886 490 1947 πάλιν
522 1884 592 1949 ούδέ
624 1886 732 1967 χρόνον
763 1886 878 1968 γράψαι
911 1884 1113 1968 διωρισμένον.

98 1979 163 2045 ἀλλ’
180 1984 224 2046 ότι
243 1982 297 2062 μέν
315 1982 539 2066 ἐρημωθήσεται
559 1983 594 2045 τά
608 1979 818 2067 Ἱεροσόλυμα>
835 1981 886 2044 ιιαὶ
904 1982 920 2045 ό
939 1984 1012 2056 ναὸς
1029 1983 1114 2064 ἐγρα-

99 2096 175 2163 ψεν,
203 2081 247 2142 ότι
275 2079 306 2143 δὲ
329 2081 465 2159 στήσεταί
485 2104 545 2144 που
567 2081 603 2143 τὰ
625 2092 678 2162 τῆς
700 2081 823 2164 ἐρημίας
846 2080 943 2142 ούιιέτι
964 2079 1115 2162 προσέθη-

98 2202 163 2259 ιιεν,
185 2178 286 2259 ἐπειδή
310 2177 385 2259 μηδὲ
403 2180 455 2242 τὸν
474 2180 635 2262 προφήτην
652 2173 719 2261 εὗρε
736 2176 872 2241 τοιοῦτόν
889 2202 917 2239 τι
937 2176 1113 2260 προσθέντα.

98 2286 161 2339 ποῦ
179 2279 281 2339 τοίνυν
299 2272 380 2340 εἶπεν
399 2275 414 2339 ὁ
433 2278 559 2358 Δανιήλ,
578 2278 622 2339 ότι
640 2276 656 2339 ό
675 2276 748 2350 ναὸς
766 2275 1001 2357 ἐρημωθήσεται,
1024 2273 1114 2337 άιιου-
1128 2298 1154 2336 ιο

99 2393 164 2437 σον.
209 2374 310 2454 ἐπειδὴ
333 2374 388 2457 γὰρ
411 2375 467 2455 τήν
489 2374 657 2457 προσευχήν
679 2373 796 2453 ἐκείνην
818 2373 873 2453 τήν
890 2372 924 2435 ἐν
942 2374 1042 2457 σάκκῳ
1064 2372 1115 2434 καί

99 2473 202 2557 σποδῷ
230 2471 402 2553 ἐποιήσατο,
434 2465 509 2553 ήλθε
536 2472 670 2555 Γαβριὴλ
700 2471 775 2553 πρὸς
804 2470 895 2534 αὐτὸν
926 2472 979 2533 καί
1008 2487 1114 2551 φησιν·

175 2676 190 2723 7
208 2670 320 2739 Joseph.
336 2670 418 2725 Axch.
434 2670 467 2738 X,
482 2676 541 2724 276.

175 2845 225 2894 1.2
245 2840 347 2909 ἔχουσα
362 2828 479 2909 ἐτηἸιΝ.
494 2870 528 2879 -
548 2846 564 2893 4
582 2838 696 2908 είπομεν
710 2838 795 2893 OFM.
812 2870 846 2878 -
859 2838 924 2905 περὶ
937 2845 986 2907 τῆς
1000 2837 1115 2908 ἐσχάτης

101 2909 206 2979 ταύτης
222 2909 390 2980 τετάρτηςΡ
407 2912 471 2979 περὶ
490 2919 539 2980 τῆς
557 2908 672 2981 ἐσχάτης
689 2910 820 2978 τετάρτης
833 2908 963 2964 BOELV
985 2911 1116 2977 περὶτῆς

101 2979 218 3051 ἐσχάτης
236 2982 285 3035 καὶ
302 2981 474 3051 τετάρτηςΝ
492 2982 556 3049 περὶ
573 2990 623 3051 τῆς
640 2980 771 3049 τετάρτης
789 2980 905 3051 ἐσχάτης
918 2979 966 3034 PG
983 2980 1047 3048 περὶ
1065 2987 1115 3048 τῆς
1212 2988 1216 2996 ’

100 3051 233 3122 τετάρτης
246 3054 296 3106 καὶ
310 3053 426 3123 ἐσχάτης
439 3054 464 3108 R
477 3054 542 3121 περὶ
555 3060 604 3123 τῆς
618 3052 769 3122 ἐσχάτηςΑ
784 3052 857 3120 (περὶ
870 3052 972 3121 ταύτης
986 3051 1067 3120 Chr).
1081 3083 1115 3091 -

102 3129 118 3177 ὁ
138 3122 226 3187 ούτως
243 3123 295 3177 AV
313 3131 338 3179 et
360 3140 429 3178 rece.
449 3124 584 3178 nonnulli.
609 3156 642 3165 -—
668 3129 684 3178 6
702 3122 864 3192 παρέξομεν
876 3122 983 3177 ABGN
1001 3129 1027 3177 et
1043 3139 1114 3177 rece.

103 3194 228 3285 quidam.
244 3226 277 3235 -
298 3195 375 3250 ΡΙέπλ
389 3195 436 3250 GL
450 3212 501 3250 om.
515 3195 547 3249 B.
562 3227 596 3235 -
616 3199 631 3248 9
650 3195 699 3248 καί
717 3193 818 3288 δανιήλ
835 3195 884 3248 ιιαλ
902 3194 936 3247 N.
954 3225 987 3234 —
1008 3199 1041 3248 10
1059 3202 1116 3248 τῶν

103 3264 234 3336 ρωμαίων
247 3266 306 3320 AN.
323 3298 356 3307 -
377 3273 409 3320 12
430 3266 534 3334 ἀνδρὸς
553 3264 583 3329 ὃς
596 3266 622 3321 εί
635 3266 685 3320 καὶ
699 3266 770 3320 ἐουθ.
786 3286 826 3320 ων
844 3267 896 3319 ούιι
913 3266 958 3334 ήν.
974 3264 994 3319 G
1012 3265 1117 3332 ἀνδρὸς

102 3338 151 3391 καὶ
175 3334 218 3391 ότι
240 3337 311 3392 ἰουδ.
332 3334 371 3391 ὢν
395 3339 446 3393 ούιι
464 3338 508 3406 ήν,
528 3338 559 3392 Β.
579 3369 612 3377 -
637 3338 662 3391 εἰ
684 3355 734 3393 om.
754 3337 776 3389 L
794 3344 820 3392 et
836 3352 906 3391 rece.
926 3336 1061 3406 plerique.
1081 3368 1115 3377 -

104 3414 138 3461 13
153 3406 213 3462 ἀλλ’
231 3426 281 3464 σοι.
296 3409 326 3462 L.
342 3441 376 3449 -
397 3415 429 3463 15
449 3411 500 3463 ούιι
515 3408 688 3477 ἐτόλμησε-
701 3414 732 3461 17
751 3408 786 3462 τὰ
805 3405 970 3477 λεροσόλυμα
988 3409 1052 3462 add.
1067 3424 1081 3461 e
1094 3406 1116 3460 P

102 3479 199 3549 Ghlys.
219 3496 269 3535 om.
288 3479 348 3534 rell.
368 3498 401 3535 ex
419 3482 569 3536 homoeotel.
590 3510 624 3519 -
647 3484 682 3532 20
702 3479 911 3548 ἐρημωθήσεται
934 3478 949 3533 ὁ
967 3476 1037 3540 ναός
1054 3477 1115 3531 BR.

176 3655 190 3703 1
209 3649 445 3719 προανηγορεύθη
464 3649 494 3703 Ρ.
514 3680 547 3689 -
567 3653 583 3701 9
603 3648 651 3700 καὶ
670 3664 720 3703 om.
737 3647 767 3701 P.
787 3678 820 3687 —
841 3653 874 3701 19
893 3641 961 3716 ηὗρε
979 3645 1009 3700 Ρ.
