2617 3909
521 223 711 274 XPONIKON
1062 224 1127 288 713

178 369 272 441 Εἰκὸς
299 367 332 430 δὲ
359 366 434 447 μηδὲ
456 368 509 430 τόν
531 373 601 431 Νῶε
628 379 683 432 τοῦ
704 368 835 451 ἀρχηγοῦ
862 371 983 432 πάντων
1008 369 1128 452 ἀνθρά-

110 488 179 528 πων
207 467 259 530 τόν
286 467 384 544 τάφον
411 465 571 547 ἀγνοῆσαι,
598 465 639 540 ὡς
667 467 738 547 μετὰ
764 467 816 529 τόν
840 467 1046 547 κατακλυσμὸν
1072 464 1125 530 ἀπ’

109 563 206 624 αὐτοῦ
229 564 412 642 διαδοθῆναι
434 564 489 644 τὴν
513 563 627 644 φήμην.
674 565 776 646 διόπερ
799 564 817 628 δ
839 566 942 647 κύριος
964 564 1015 638 τάς
1037 564 1129 646 ἀρχάς

111 669 165 721 τοῦ
193 660 390 749 ἀνθρωπίνου
422 662 558 724 θανάτου
590 663 781 742 διερευνήσας
813 661 856 735 είς
887 662 939 724 τὸν
970 664 1128 745 λεγόμενον
1180 644 1182 656 ¹

112 760 238 839 κρανίου
261 759 353 820 τόπον
375 759 408 821 τό
431 759 531 832 πάθος
554 758 681 840 ἐδέξατο,
704 761 754 822 ἵνα
776 759 808 822 έν
832 748 855 844 ᾧ
878 759 958 847 τόπφ
982 757 1001 840 ἡ
1023 759 1128 842 φθορά
1155 785 1168 824 ε

111 865 172 916 τῶν
194 855 367 938 ἀνθρώπων
389 856 444 936 τήν
466 855 561 937 ἀρχήν
587 857 705 938 ἔλαβεν,
733 857 848 920 έκεῑθεν
874 857 925 919 καί
947 856 967 936 ή
991 858 1051 936 ζωή
1078 857 1128 920 καὶ

111 954 145 1016 τὸ
168 955 324 1035 θεόκριτον
346 954 484 1036 κήρυγμα
506 964 559 1034 τῆς
581 956 731 1034 βασιλείας
754 964 814 1016 τῶν
837 954 974 1036 οὐρανῶν
996 953 1127 1037 άρξηται.

173 1047 327 1125 Ὡσαύτως
350 1049 455 1113 δὲκαὶ
477 1051 494 1114 δ
516 1052 679 1132 θεορήμων
698 1048 877 1127 Ἀθανάσιος
903 1053 946 1126 είς
971 1052 1004 1116 τὸ
1026 1053 1128 1127 πάθος

108 1154 243 1231 Χριστοῦ
271 1149 357 1230 λέχει·
391 1149 493 1232 διόπερ
525 1149 582 1212 ούκ
608 1148 748 1230 ἀλλαχόσε
774 1151 878 1231 πάσχει
904 1149 1032 1232 Χριστὸς
1061 1148 1127 1212 ούτε

109 1246 174 1326 μήν
197 1248 239 1321 είς
263 1245 352 1307 ἀλλον
376 1255 554 1329 σταυροῦται
576 1247 670 1309 τόπον
697 1245 782 1327 ήείς
804 1248 856 1309 τὸν
879 1250 1002 1328 κρανίου
1025 1248 1127 1327 τόπον,
1142 1275 1168 1312 10

11 1384 12 1387 =
107 1345 145 1406 έν
166 1333 191 1429 ᾧ
211 1344 249 1423 δή
274 1343 324 1404 καί
343 1338 491 1424 Ἑβραίων
519 1345 551 1405 ot
571 1345 745 1407 διδάσκαλοί
766 1363 841 1424 φασι
863 1355 917 1408 τοῦ
936 1341 1030 1424 Ἀδδιμ
1051 1339 1128 1407 εἶναι
1214 1349 1216 1353 ’

108 1443 164 1504 τὸν
193 1443 302 1519 τάφον
336 1442 401 1504 έκεῖ
425 1441 480 1524 γάρ
508 1441 600 1504 αὐτόν
628 1442 699 1522 μετὰ
729 1442 785 1522 τὴν
811 1444 943 1525 κατάραν
973 1444 1128 1522 τεθάφθαι

113 1542 363 1620 διαβεβαιοῦνται.
405 1539 456 1601 διὰ
477 1549 564 1602 τοῦτο
588 1541 732 1620 θαυμάζω
755 1550 808 1603 τοῦ
828 1540 922 1603 τόπου
944 1539 999 1620 τήν
1022 1539 1128 1602 οἰκειό-

112 1661 193 1716 τητα.
237 1637 296 1700 ἔδει
318 1637 374 1719 γὰρ
396 1637 448 1700 τὸν
470 1637 577 1719 κύριον
598 1636 765 1700 ἀνανεῦσαι
786 1637 914 1700 θέλοντα
936 1637 989 1699 τὸν
1012 1647 1128 1719 πρῶτον

108 1733 277 1816 ἀνθραπον
295 1734 329 1797 έν
342 1734 445 1820 έκείνφ
463 1739 576 1797 παθεῖν
594 1743 633 1820 τῷ
643 1736 733 1820 τόπῳ.
765 1734 815 1797 καλ
829 1735 985 1817 ἐπειδήπερ
1000 1733 1129 1815 ήκουσεν
1143 1761 1168 1802 15

107 1829 216 1911 Ἀδάμ·
244 1842 282 1915 γῆ
306 1826 408 1894 εἶκαὶ
435 1833 477 1906 εἰς
498 1842 557 1914 γῆν
579 1831 740 1917 άπελεύση,
767 1833 859 1918 ταύκη
882 1857 928 1896 τοι
954 1833 1043 1894 πάλιν
1070 1831 1133 1894 έκεῖ

109 1929 251 2011 τέθειται,
275 1931 335 2010 ἵνα,
358 1929 390 1990 ἐν
413 1918 536 2014 ᾧτόπφ
558 1929 614 2010 τήν
634 1932 765 2013 κατάραν
788 1931 901 2010 ἔλαβεν,
924 1929 989 1992 ἐκεῖ
1005 1929 1056 1992 καὶ
1074 1930 1129 2010 τὴν

108 2029 198 2090 λύσιν
221 2028 330 2106 ταύτης
352 2026 478 2107 δέξηται.

187 2213 255 2261 ι-τ
275 2189 397 2260 Basilius
412 2207 442 2260 in
456 2206 511 2260 ιιι,
522 2206 581 2268 v,1
601 2205 699 2277 mgna
710 2205 788 2260 νοω.
800 2210 842 2272 το,
853 2210 923 2260 ειεο
939 2208 986 2274 (α.
1001 2210 1079 2274 ιαμ
1095 2237 1129 2245 -

111 2284 203 2404 3,)ῗὲ
221 2278 412 2402 Α-οοφέκὲθριτ.
419 2277 607 2413 3δοΙρΙιεοοίοαε
626 2279 655 2330 ολ
674 2293 755 2330 cruce
773 2293 814 2345 ομ.
831 2283 863 2330 12
882 2276 979 2346 Migne
993 2276 1070 2330 Tom.
1086 2279 1129 2344 28,

189 2515 205 2560 9
220 2517 332 2581 χριστοῦ
344 2507 420 2561 ΑΕΡ
434 2516 483 2561 τοῦ
498 2514 610 2579 χριστοῦ
625 2505 733 2561 CNRV
747 2523 798 2564 om.
808 2507 838 2560 Β.
851 2539 884 2548 -
899 2513 931 2561 11
947 2507 995 2560 καὶ
1009 2502 1130 2579 έβραίων

114 2576 216 2633 ABPV
239 2580 288 2633 καί
310 2596 360 2634 om.
379 2577 516 2634 rell.Ath.
541 2610 574 2619 -
600 2584 632 2632 12
651 2577 802 2647 τεθάφθαι
820 2577 874 2631 NP
903 2577 1044 2633 τεθάπται
1063 2579 1130 2649 Bet

112 2667 184 2705 εοοο.
200 2650 316 2719 quidam
339 2649 482 2719 τετάφθαι
500 2650 560 2704 rell.

188 2814 355 2865 1Μοκοκοι
375 2826 429 2865 τεει
452 2815 554 2864 ειπινυι
576 2810 718 2880 ονλροιιιικ
740 2809 816 2865 δοιοί
832 2808 863 2875 P,
887 2811 935 2879 qui
957 2811 996 2864 sic
1018 2809 1130 2877 incipit:

113 2883 164 2936 καὶ
182 2889 252 2951 γοῦν
271 2880 286 2934 ό
301 2879 386 2950 μέγας
400 2877 539 2972 θαυίλειος
557 2880 598 2942 είς
610 2880 661 2934 τόν
674 2877 778 2948 ὴσαΐαν
797 2880 884 2949 φησλν
904 2877 958 2932 ὅτι·
978 2877 1059 2949 λόχος
1073 2879 1130 2933 ἐστὶ

108 2951 225 3018 τοιόσδε
244 2951 316 3005 κατὰ
329 2951 380 3020 τὴν
395 2970 527 3020 αχροιφον
544 2950 656 3020 μνήμην
675 2951 706 3005 έν
721 2959 755 3022 τῇ
770 2946 901 3024 ἐκκλησίᾳ
919 2948 1130 3020 διασωζόμενος,

112 3024 154 3087 ὡς
171 3024 228 3091 ἄρα
241 3025 337 3091 πρώτη
352 3019 468 3076 ίουδαία
482 3022 638 3090 ἄνθρωπον
658 3021 736 3092 έσχεν
751 3021 883 3090 οἰκήτορα
903 3021 953 3075 τὸν
967 3021 1045 3089 άδδιμ
1062 3020 1130 3089 μετδι

113 3096 147 3149 τὸ
166 3096 340 3166 ἐκβληθῆναι
364 3094 452 3148 αὑτὸν
474 3101 524 3148 τοῦ
543 3090 718 3161 παραδείσου
742 3092 772 3146 έν
790 3092 878 3162 ταύτη
897 3090 1130 3160 καθιδρυσθέντα

110 3166 158 3228 είς
174 3162 364 3234 παραμυθίαν
387 3160 427 3219 ὧν
446 3164 590 3232 ἐστερήθη.
628 3165 723 3233 πρώτη
747 3159 799 3218 ούν
822 3147 871 3217 καί
894 3162 993 3231 νεκρὸν
1016 3161 1130 3229 ἐδέξατο

111 3237 274 3306 ἄνθρωπον
302 3236 361 3290 ἐκεῖ
386 3235 437 3304 τὴν
459 3233 617 3304 καταδίκην
642 3242 693 3289 τοῦ
717 3233 794 3303 άδόιμ
819 3235 1022 3304 πληρώσαντος.
1060 3232 1130 3289 ὅθεν

111 3308 218 3363 καινόν
237 3307 329 3363 ἐδόκει
346 3315 406 3370 τοῖς
422 3303 484 3362 τότε
501 3304 598 3375 θέαμα
617 3301 691 3360 εἶναι
709 3308 833 3375 κεφαλῆς
850 3304 948 3360 όστέον
964 3312 1014 3374 τῆς
1028 3306 1132 3375 σαρκός

113 3374 323 3447 περιρρυείσης,
346 3378 396 3432 καὶ
414 3377 588 3447 ἀποθέμενοι
605 3378 637 3432 τό
656 3374 775 3445 κρανίον
799 3377 886 3432 ἐκεῖσε
903 3373 1024 3445 κρανίου
1042 3375 1131 3432 τόπον

111 3447 275 3518 ὠνόμασαν.
300 3449 375 3511 είκδς
388 3469 413 3505 κ.
423 3468 446 3502 τ.
456 3452 525 3505 λ-
541 3454 573 3502 11
588 3447 616 3504 ολ
629 3464 681 3503 οοι.
691 3448 767 3502 P.-
782 3453 815 3503 13
829 3449 878 3503 κοιλ
892 3448 941 3504 διὰ
955 3457 1036 3503 τοῦτο
1050 3447 1081 3502 Ρ.
1098 3479 1129 3488 -—

118 3519 292 3587 Ιόήκουσεν
310 3520 326 3575 δ
346 3519 423 3588 ἀδάμ
441 3517 496 3574 ότι·
514 3525 549 3589 χή
568 3513 596 3574 εἴ
611 3519 642 3574 Ρ.
659 3551 693 3560 -
713 3525 745 3574 18
764 3519 786 3573 Ρ
805 3519 885 3574 πόδα·
903 3520 952 3576 καλ
970 3517 1064 3588 μέντοι
1083 3518 1131 3572 καλ

111 3591 224 3655 δθεῑος
236 3590 422 3661 χρυσόστομος
436 3591 476 3653 είς
484 3590 536 3660 τὴν
545 3590 617 3644 κατά
626 3590 751 3660 ίοιάννηυ
765 3588 914 3661 ἑρμηνείαν
924 3590 980 3661 (Or.
991 3595 1025 3645 85
1036 3590 1130 3660 [86],1
