2617 3909
528 240 719 293 XPONIKON
1061 237 1127 302 423

113 392 246 473 Μοιύσή.
292 386 365 449 ἀλλὰ
392 385 433 466 μὴ
460 384 582 470 γίνοιτο.
628 386 694 470 περὶ
721 386 776 469 γὰρ
803 385 901 468 ἕτίρας
930 386 1041 459 ἐκεῖνος
1066 381 1129 448 είπε

115 487 227 560 θυσίας
249 484 299 547 καὶ
322 484 389 567 περί
411 484 509 567 ἑτέρας
531 478 625 561 οότος.
671 484 815 547 ἀκούσατε
838 485 876 565 δή
899 484 950 545 καὶ
972 486 1129 563 Σοφονίου

118 593 354 663 συμφωνοῦντος
380 583 415 644 τά
442 582 517 645 αύτόι
543 582 593 645 καί
615 582 762 665 λέγοντος·
787 582 1005 663 ’ἐπιφανήσεται
1027 583 1130 664 κύριος

115 680 165 745 ἐπί
196 682 293 743 πάντα
324 680 360 742 τά
387 680 464 761 ἔθνη
496 680 546 742 καί
572 681 776 762 ἐξολοθρεύσει
802 681 917 755 πάντας
942 679 1012 755 τούς
1039 680 1131 753 θεούς
1144 696 1183 737 ειν
1197 693 1229 734 τι

114 789 175 841 τῶν
198 779 308 859 ἐθνῶν,
331 778 382 841 καὶ
404 779 665 862 προσκυνήσουσιν
683 779 762 863 αύτῷ
777 778 897 853 ἕκαστος
914 778 947 841 ἐκ
964 787 1018 841 τού
1036 778 1130 841 τόπου
1157 802 1169 843 ε

113 877 218 940 αύτού.
263 878 359 939 καίτοι
390 900 422 959 γε
453 886 539 939 τούτο
573 876 628 940 ούκ
659 877 773 957 ἐφεῖτο,
800 870 863 939 ἀλλ’
889 877 931 951 είς
958 876 1011 939 ἕνα
1037 877 1130 939 τόπον

113 974 253 1039 ἐθέσπισε
272 979 411 1055 Μαύσής
434 976 592 1058 λατρεύειν.
636 976 708 1037 όταν
730 967 786 1037 ούν
808 973 953 1054 ἀκούσητε
975 984 1035 1036 τῶν
1057 996 1130 1055 προ-

114 1082 221 1153 φητῶν
253 1074 456 1155 προλεγόντων
485 1072 536 1134 καλ
563 1073 866 1154 προαναφωνούντων
893 1073 937 1135 ότι
964 1070 1062 1135 ούκίτι
1088 1072 1131 1145 είς

115 1172 189 1251 μίαν
211 1170 298 1233 πόλιν
321 1168 392 1233 οὐδὲ
414 1171 457 1245 είς
479 1169 532 1233 ἕνα
554 1170 646 1233 τόπον
665 1170 945 1252 ἀναγκασθήσονται
963 1172 995 1233 οί
1010 1168 1130 1251 άνθρω-

114 1290 169 1331 ποι
200 1269 351 1331 πάντοθεν
382 1268 580 1350 συνάγεσθαι,
612 1262 675 1330 ἀλλ’
703 1270 781 1330 οἴκοι
812 1269 985 1347 καθήμενος
1010 1267 1131 1342 ἕκαστος
1145 1292 1171 1333 ιο

114 1367 294 1449 θεραπεύσει
321 1366 353 1428 τὸ
381 1372 482 1446 θεῖον,
512 1367 579 1427 τίνα
605 1364 644 1427 άν
667 1366 757 1447 ἔχοιτε
779 1366 873 1427 εἰπεῖν
895 1365 995 1447 ἕτερον
1017 1366 1132 1447 καιρόν,

115 1458 180 1526 ἀλλ’
202 1462 222 1545 ή
244 1464 296 1527 τὸν
324 1464 455 1545 παρόντα
482 1474 602 1545 τούτου,
632 1458 705 1525 καθ’
726 1461 762 1526 όν
784 1464 820 1525 τόι
843 1462 897 1544 μὲν
919 1462 1045 1547 ήμίτερα
1067 1465 1132 1525 όια-

116 1563 267 1641 λάμπουσι
288 1560 362 1623 κατά
384 1572 483 1623 πᾶσαν
505 1562 561 1641 τήν
583 1560 773 1643 οἰκουμένην,
796 1562 832 1623 τά
855 1560 886 1625 δὲ
905 1560 1030 1645 ύμὲτερα
1050 1585 1132 1623 κατε-

117 1658 304 1741 σβέσθήσαν,
336 1658 386 1720 καλ
417 1659 450 1721 ἒν
481 1660 576 1723 σκότει
608 1661 821 1742 διαπορεύεσθε
850 1660 925 1722 κατὰ
952 1670 1051 1721 πᾶσαν
1077 1660 1132 1739 τήν

117 1756 307 1837 οίκουμίνήν.
353 1756 397 1819 ότι
420 1755 452 1819 δὲ
475 1759 563 1820 πάλιν
587 1756 657 1821 ούόὲ
679 1757 760 1840 παρὰ
781 1758 837 1838 τήν
857 1757 951 1840 ἀρχήν
968 1758 1041 1837 ύμῖν
1060 1759 1131 1819 δοῦ·
1146 1779 1171 1821 ιε

117 1880 170 1918 ναι
201 1855 252 1929 τὰς
283 1858 421 1931 τοιαύτας
451 1854 594 1936 ήβούλετο
626 1858 751 1937 θυσίας,
787 1855 945 1936 ἀκούσατε,
980 1858 1010 1917 τί
1039 1874 1134 1935 φησιν

113 1948 250 2027 Ἡσαΐας·
283 1955 313 2016 τί
338 1977 389 2034 μοι
415 1958 533 2034 πλῆθος
560 1950 618 2015 ’τῶν
646 1960 765 2015 θυσιῶν
790 1953 891 2034 ὑμῶν,
919 1951 994 2035 λέγει
1020 1954 1134 2034 κύριος,

117 2050 170 2113 καὶ
191 2052 235 2125 τίς
258 2051 407 2131 ἐξεζήτήσε
430 2060 521 2113 ταῦτα
538 2051 571 2114 ἐκ
589 2062 648 2113 τῶν
666 2061 771 2134 χειρῶν
793 2050 893 2130 ύμῶν;
916 2052 944 2113 εἰ
965 2050 1021 2133 γὰρ
1043 2060 1134 2112 ταῦτα

117 2149 200 2231 παρὰ
230 2150 285 2229 τήν
317 2148 411 2233 ἀρχὴν
443 2149 548 2230 ἐζήτει,
580 2148 629 2211 καί
657 2149 728 2223 τοὺς
754 2149 899 2222 παλαιούς
925 2149 1039 2222 πάντας
1065 2148 1135 2221 τοὺς

118 2242 190 2329 παρ’
212 2247 311 2309 αύτεόν
334 2249 509 2327 λάμψαντος
531 2247 668 2329 πρώτους
686 2246 724 2308 όν
742 2247 784 2320 είς
801 2247 856 2326 τήν
877 2247 1025 2309 πολιτείαν
1043 2244 1134 2327 ήγαγε
1148 2270 1174 2309 οο

119 2346 239 2424 ταύτην.
272 2355 335 2419 πῶς
354 2338 410 2407 ούν
427 2355 529 2425 ταῦτα,
548 2347 652 2425 φησίν,
671 2343 844 2426 ἕπίτρεψεν;
867 2353 902 2429 τῇ
921 2342 1045 2428 ύμετίρρι
1063 2362 1134 2425 συγ-

118 2444 308 2523 καταβαίνων
329 2442 478 2528 όισθενείρι.
519 2441 568 2504 καί
587 2444 723 2525 καθάπερ
743 2443 841 2524 ίατρὸς
859 2441 1037 2524 πυρέττοντα
1056 2441 1134 2523 ὀρῶν

120 2538 286 2623 άνθρτοπον
317 2541 496 2623 δυσάρεστόν
527 2564 593 2601 τινα
624 2540 675 2601 καὶ
703 2539 900 2622 άκαρτέρητον
928 2540 1135 2620 ἐπιθυμοῦντα

119 2640 327 2723 ψυχροποσίας
353 2638 403 2700 καὶ
430 2637 622 2718 ἀπειλοῦντα,
645 2638 673 2700 εί
694 2639 734 2718 μή
758 2639 859 2718 λάβοι,
882 2638 988 2701 ἑαυτὸν
1011 2637 1134 2719 ἀναιρή-

121 2755 198 2817 σειν,
226 2736 407 2816 βουλόμενος
434 2740 533 2817 μεῖζον
559 2741 690 2799 κωλύσαι
715 2736 808 2797 κακὸν
834 2736 867 2799 τὸ
890 2736 1008 2799 ἔλαττον
1031 2737 1135 2797 δίδωσι
1148 2758 1174 2798 οε

120 2835 196 2916 πρὸς
218 2832 392 2917 ἀπαλλαγήν
414 2840 547 2914 τελευτῆς
570 2836 680 2914 βιαίας,
703 2835 780 2895 ούτοι
803 2834 840 2913 δή
859 2832 910 2895 καί
929 2832 944 2895 ὁ
963 2833 1034 2907 θεὸς
1055 2832 1134 2895 ἐποί-

194 3020 281 3071 2—12
302 3014 397 3085 Chrys.
416 3014 451 3069 ίό.
468 3016 567 3084 paullo
581 3022 645 3084 post
662 3014 759 3085 Migne
778 3020 838 3068 903.
859 3046 892 3055 —
912 3020 928 3067 3
948 3013 1031 3084 Soph.
1052 3021 1077 3082 2,
1093 3021 1134 3071 11.

123 3119 157 3128 -
178 3092 284 3157 lb—p.
299 3091 361 3154 425,
377 3091 410 3139 18
430 3084 525 3155 Chrys.
539 3088 575 3141 ib.
590 3086 638 3154 IV,
652 3092 668 3139 6
687 3086 783 3156 Migne
802 3091 854 3141 879
863 3087 911 3153 βυ.
928 3092 1038 3155 praeter
1054 3088 1136 3142 verba

118 3154 372 3285 &gul-1373&
389 3158 475 3296 ρήήρήν
499 3156 514 3211 ό
534 3154 706 3213 ὃοιυίό-ίν
725 3156 891 3226 ἱερουσαλήμ
914 3175 933 3211 α
953 3158 1069 3227 θυοτγίο
1087 3160 1135 3213 ad·

197 3397 211 3443 1
236 3396 339 3459 μωῦσεῑ
360 3388 413 3442 ΒΕ
439 3398 525 3459 μωσεῖ
545 3407 578 3445 ευ
601 3396 678 3459 μοεσῆ
696 3388 726 3443 L.
755 3421 790 3429 -
818 3395 833 3442 2
858 3384 1001 3457 σοφωνίου
1024 3388 1137 3442 ΒΕΜΡ

125 3458 269 3530 σωφονίου
287 3462 316 3514 L.
335 3492 371 3501 —
391 3466 422 3514 12
442 3460 492 3529 μὲν
511 3477 561 3515 om.
578 3460 632 3515 OF.
652 3493 687 3502 -
706 3466 740 3514 13
758 3460 898 3515 καὶκατὰ
917 3458 972 3514 OF.

196 3626 211 3674 ’ί
232 3620 363 3675 ἀκούσετε
381 3621 411 3675 P.
432 3652 464 3661 -
485 3626 518 3674 22
538 3621 632 3689 ἰητρός
649 3620 680 3675 Ρ.
