2617 3909
193 219 259 284 472
506 221 692 272 Γευεοιοε
710 221 892 274 ιιοαυιοε

194 369 381 450 δραξάμενος.
428 369 538 448 δμοίως
560 378 594 453 τῇ
619 378 707 454 φωνῇ
733 379 792 430 τῶν
815 369 847 431 ἐν
870 373 986 454 Χριστῷ
1007 370 1062 430 δύο
1086 370 1207 447 φύσεων

192 467 387 549 κακοφρόνως
414 465 598 548 ἀπεχρήσατο
627 468 738 551 Παύλῳ
766 466 816 528 καί
842 468 986 552 Θεοδώρῳ
1013 473 1077 540 τοῖς
1099 466 1207 528 ἑαυτοῦ

192 564 350 647 προγόνοις
373 564 523 644 ἑπόμενος.
569 565 634 638 υίὸς
662 564 716 645 μὲν
743 565 799 646 γὰρ
826 557 866 644 ἧν
892 574 945 626 τοῦ
967 567 1106 645 Κίλικος,
1134 564 1207 625 ἀπό-
1294 574 1295 595 ¹

192 686 281 745 γονος
304 660 335 723 δὲ
359 673 411 725 τοῦ
435 662 646 742 Σαμωσατίως.
688 662 738 724 καί
762 663 812 724 διδι
834 673 920 724 τοῦτο
944 663 1018 742 πρὸς
1040 663 1096 742 την
1120 661 1207 744 ἁγίαν

166 760 346 844 επαρθένον
369 759 521 824 άσπονδον
541 759 632 842 ἤρατο
651 761 780 840 πόλεμον
798 761 1012 842 ἐξαρνούμενος
1029 763 1081 824 τὸν
1100 760 1208 823 ἑαυτοῦ

192 860 296 940 κύριον
315 858 364 920 καί
382 857 528 938 ἀτιμάζων
546 860 601 939 τὴν
620 858 727 921 ἑαυτοῦ
747 857 908 920 δέσποιναν
926 856 942 919 δ
957 860 1084 932 δείλαιος
1101 861 1208 932 δοῦλος

191 955 242 1017 καί
260 955 462 1037 ἀναίσχυντος.
499 950 585 1030 οὗτος
607 950 662 1018 οὖν
682 955 698 1017 δ
717 958 814 1030 δεινὸς
832 956 994 1038 Νεστόριος
1016 959 1112 1038 τρίτος
1133 979 1208 1039 προ-

193 1055 298 1134 στάτης
320 1051 448 1136 γεγονὼς
456 1050 521 1138 ζτης
536 1050 704 1136 Ἰουδαϊκῆς
726 1056 835 1135 ταύτης
857 1053 995 1135 αἱρέσεως
1017 1053 1107 1116 ἀλλον
1130 1049 1209 1117 εἶναι

193 1147 263 1235 παρ’
288 1153 381 1238 ἑαυτῷ
405 1154 457 1216 τὸν
485 1155 614 1235 Χριστὸν
642 1153 692 1214 καὶ
718 1151 807 1215 ἀλλον
837 1153 889 1216 τὸν
916 1153 990 1214 θεὸν
1017 1153 1107 1234 λόγον
1133 1155 1210 1214 κατὰ
1294 1154 1295 1191 ³

154 1274 179 1312 ιο
193 1251 247 1331 τὴν
269 1250 416 1334 πατρικὴν
438 1251 531 1313 αὐτοῦ
554 1252 671 1331 πλάνην
694 1251 891 1333 ἐδογμάτισεν.

95 1373 134 1413 εεε
147 1371 178 1411 Μ.
262 1355 322 1429 Τῆς
344 1346 376 1409 δὲ
399 1349 473 1410 κατδι
491 1351 607 1430 Μάνην
630 1349 680 1411 καὶ
696 1346 904 1431 ’Λπολινάριον
922 1348 1080 1410 ἀντιθέτου
1102 1351 1210 1432 μοίρας
1294 1334 1295 1347 ¹

192 1449 287 1529 τρίτος
316 1449 405 1508 πάλιν
434 1447 620 1527 ὑπασπιστὴς
647 1448 786 1529 Εότνχης
813 1445 979 1529 ἡγεόμενος
1006 1450 1209 1529 μοναστηρίου

193 1545 534 1618 Κωνσταντινονπόλεως
553 1543 723 1626 ἀνεδείχθη,
742 1543 775 1619 δς
794 1545 835 1625 μὴ
853 1545 1028 1625 ἀνεχόμενος
1046 1542 1211 1624 δμοοόσιον

192 1639 265 1720 ἡμῖν
288 1641 337 1702 καὶ
361 1641 482 1722 δμοφυη
506 1643 561 1722 τὴν
584 1643 678 1724 σάρκα
700 1653 753 1704 τοῦ
776 1645 882 1724 κυρίου
905 1645 1089 1724 διομολογεῖν
1111 1642 1212 1725 ἀπηρ-

153 1763 178 1802 ιε
192 1744 269 1800 νεῖτο
297 1740 443 1813 σώζεσθαι
470 1739 564 1821 λέγειν
591 1740 623 1802 ἐν
650 1746 690 1825 τῷ
710 1745 826 1826 Χριστῷ
854 1740 909 1803 δύο
933 1741 1038 1818 φάσεις
1061 1741 1133 1819 μετὰ
1156 1752 1211 1822 τῆς

191 1836 305 1897 τούτων
336 1836 467 1911 ἑνώσεώς
499 1861 527 1899 τε
555 1838 605 1899 καὶ
632 1843 794 1917 συμφυΐας.
844 1839 881 1901 οό
909 1838 969 1918 μὴν
998 1837 1029 1900 δὲ
1056 1837 1131 1899 ἀλλὰ
1157 1840 1211 1901 καί

192 1935 339 2016 τερατώδη
362 1935 500 1998 τινὰκαὶ
523 1936 665 1999 ἀλλόκοτα
688 1937 885 2019 παρίπλαττεν
906 1936 936 2011 ἐξ
961 1937 1092 2017 οὐρανοῦ
1115 1936 1211 2018 λέγων

192 2032 405 2114 κατενηνὲχθαι
427 2034 459 2096 τὸ
483 2045 567 2114 σῶμα
589 2045 642 2098 τοῦ
665 2037 771 2117 κυρίου
794 2035 844 2096 καί
867 2034 907 2108 ὡς
927 2034 976 2096 διδι
998 2040 1132 2115 σωλῆνος
1155 2047 1211 2116 τῆς

192 2131 346 2214 παρθένου
369 2134 572 2215 παραδραμεῖν
590 2134 642 2196 τὸν
661 2132 736 2194 θεὸν
754 2132 842 2214 λόγον
864 2132 1033 2214 οὐρανόθεν
1050 2141 1137 2193 τοῦτο
1160 2132 1211 2194 ε’ν-

152 2254 178 2293 εο
193 2229 369 2310 δεδομένον,
402 2231 451 2291 ἵνα
484 2232 555 2316 δόξη
588 2237 767 2314 γεγενῆσθαι
799 2230 831 2291 ἐκ
863 2230 1004 2310 γυναικὸς
1032 2231 1137 2312 καίπερ
1165 2231 1210 2309 μὴ

192 2326 412 2408 γεγεννημένος.
450 2333 621 2410 Μανιχαῖος
644 2322 731 2401 οὗτος
752 2328 768 2390 δ
787 2328 873 2410 λόγος
895 2327 945 2388 καί
963 2326 1210 2406 πεφαντασμένος

191 2429 287 2507 πολλῷ
308 2429 418 2503 μᾶλλον
442 2425 564 2488 ἐκείνου.
602 2429 674 2506 μίαν
698 2427 791 2506 φύσιν
814 2424 863 2486 καὶ
887 2419 973 2498 οὗτος
992 2424 1209 2510 διεστραμμένη

191 2523 297 2606 καρδίρι
320 2522 371 2583 τόν
394 2524 523 2604 Χριστὸν
545 2524 727 2606 ἐπρέσβευεν.

257 2614 334 2680 Είτα
351 2620 487 2702 Σενηρός
505 2645 548 2694 τις
565 2623 720 2703 λεγόμενος
739 2621 874 2704 ἀρπάσας
891 2621 943 2682 τὸν
962 2620 1077 2702 θρόνον
1092 2617 1207 2684 Ἀντιο-
1294 2614 1295 2665 ί

262 2773 279 2820 4
304 2764 479 2834 σαμοσατέως
500 2766 637 2821 BDEGV
647 2767 752 2822 Theod.
782 2765 977 2836 σαμουσατέως
997 2766 1030 2819 A.
1055 2797 1089 2805 -
1114 2770 1129 2817 7
1153 2763 1207 2821 οὖν

192 2853 241 2891 om.
257 2837 316 2890 FM.
338 2869 370 2876 -
390 2837 546 2906 προστάτης
559 2839 709 2893 ABPExc.
720 2838 825 2892 Theod.
844 2836 1034 2906 προτοστάτης
1052 2837 1074 2890 L
1097 2856 1206 2905 πρωτο-

192 2908 292 2977 στάτης
310 2907 415 2962 OERV
442 2908 600 2979 ἀποστάτης
618 2911 652 2964 N.
678 2943 713 2951 —
738 2916 769 2963 11
794 2907 1027 2977 ἀποληνάριονΙι
1055 2909 1206 2963 ἀπολλινά-

192 2979 296 3045 ριονΕ
320 2980 527 3049 ἀπολληνάριον
545 2981 574 3034 F.
596 3015 628 3022 -
655 2987 687 3036 13
707 2979 823 3053 ἐδείχθη
842 2982 868 3033 A
890 2976 1072 3051 ἀναδειχθείς
1090 2979 1146 3033 LV.
1171 3011 1205 3019 —

193 3057 227 3104 14
245 3050 295 3119 τὴν
313 3050 385 3104 κατὰ
404 3050 494 3119 σάρκα
513 3053 687 3122 (κατασάριια
701 3053 731 3106 Μ
749 3061 775 3106 et
792 3067 861 3105 rece.
877 3051 1016 3121 plerique)
1033 3049 1150 3104 OENR.
1172 3083 1205 3090 -
1294 3062 1295 3105 ξ

192 3120 337 3192 ὁμολογεῖν
344 3121 366 3174 Β
374 3121 439 3176 Exc.
446 3123 549 3178 Theod.
559 3157 592 3164 —
602 3123 752 3194 ἀπηρνήτω
761 3123 781 3178 0
791 3121 971 3192 ἀπηρνήσατο
981 3123 1015 3176 N.
1025 3155 1058 3162 —
1068 3127 1101 3175 17
1111 3123 1204 3189 ἔτερα·
1294 3126 1295 3137 ³

190 3194 264 3262 τάδη
283 3193 347 3248 τινδι
361 3193 383 3246 Β
408 3193 561 3264 ἑτερατόιδη
580 3216 644 3250 τινα
659 3196 679 3251 C
698 3203 724 3252 et
739 3211 809 3249 rece.
828 3194 944 3262 quidam
967 3191 1046 3263 ἕτερα
1065 3191 1203 3260 τερατώδη

191 3264 291 3317 τινδιΙι
309 3273 334 3319 οι
352 3281 422 3319 rece.
434 3265 484 3319 alii
506 3265 585 3334 ἔτερα
603 3267 668 3321 τινὰ
686 3267 827 3335 τερατώδη
841 3265 874 3318 V.
890 3299 924 3306 —
942 3264 1136 3333 παρέπραττεν
1149 3263 1204 3317 ΑΜ

191 3335 381 3404 παρέπληττεν
392 3335 449 3390 CR.
461 3369 495 3376 —
507 3343 588 3392 18.19
603 3343 800 3406 παραδραμεῖν
813 3343 864 3404 τῆς
876 3335 1025 3405 παρθένου
1034 3337 1060 3389 R
1073 3343 1124 3405 τῆς
1132 3354 1202 3402 παρ-

192 3404 281 3460 θένου
296 3423 345 3461 om.
360 3407 417 3461 BV.
434 3439 467 3448 --
487 3414 522 3461 20
536 3413 725 3478 γεγεννῆσθαι
738 3407 818 3462 DFV
827 3407 932 3461 Theod.
951 3411 1107 3476 γεννησθαι
1119 3407 1149 3460 L.
1168 3436 1203 3446 -

192 3476 390 3546 γεγεννημένος
408 3476 584 3533 ACDFLPR
593 3480 698 3534 Theod.
722 3478 905 3549 γεγενημένος
920 3478 1028 3532 BEGV
1036 3478 1101 3532 Exc.
1125 3497 1202 3548 γενο-
1294 3478 1295 3543 ί

192 3546 276 3615 μένης
290 3548 326 3601 Μ.
342 3581 376 3590 -
396 3555 430 3603 23
450 3548 632 3622 ἐπρέσβευσεν
646 3551 771 3606 EFExc.
783 3549 887 3603 Theod.
904 3581 935 3589 —
957 3557 991 3603 24
1010 3556 1125 3617 σευῆρος
1137 3567 1171 3603 m.
1186 3553 1202 3600 1
1294 3552 1295 3611 j

192 3634 225 3672 ex
244 3619 359 3688 σεόηρος
377 3621 399 3673 Ρ
423 3621 538 3689 σεύηρος
552 3621 630 3674 ALM
654 3620 800 3689 σενῖροςλ
824 3622 939 3691 σεβῆρος
955 3636 1025 3674 rece.
1044 3621 1167 3689 quidam.
1294 3628 1295 3633 ’
