2617 3909
534 239 723 291 XPONIKON
1072 236 1138 302 683

121 408 211 471 τησεν
242 388 276 451 ἐν
306 389 398 474 κυρίῳ
429 386 580 468 προγνοὺς
605 387 658 449 τὸν
685 385 792 448 ἑαυτοῦ
818 386 954 448 θάνατον
979 386 1037 469 πρὸ
1065 384 1137 467 ἡμε-

148 499 162 512 ”
209 484 263 568 ιβ’.

123 514 361 664 ρωνΣυμφιονεῖ
378 581 412 646 δὲ
433 589 472 668 τῷ
491 582 625 663 θαύματι
646 583 751 668 τούτῳ,
774 580 847 663 λέγω
870 582 909 662 δὴ
931 588 971 666 τῷ
991 581 1057 663 περὶ
1079 592 1138 643 τῶν

124 694 232 765 ψυχῶν
257 682 333 765 πρὸς
358 681 415 761 την
440 690 500 742 τῶν
527 680 665 761 οὐρανῶν
691 679 803 742 ἀνοδον
831 679 901 758 μετὰ
932 680 988 761 τὴν
1015 677 1138 742 ἐνθένδε

124 782 325 863 μεταχώρησον
355 779 406 842 καλ
437 778 454 842 δ
486 779 655 859 θεομύστης
683 777 894 861 Χρυσόστομος
926 776 1042 852 διεξιὼν
1072 776 1139 859 περὶ
1167 799 1179 840 ⁵

122 891 184 942 τῶν
199 877 422 958 κεκοιμημένων
435 878 541 951 οὕτως’
560 887 652 938 ταῦτα
669 875 719 938 καὶ
737 875 773 937 τὰ
790 877 902 938 τούτων
920 874 1139 958 ἀπορρητότερα

122 983 366 1059 προθεαροῦντες
392 977 425 1037 οί
448 980 635 1048 τελευτῶντες
662 975 694 1037 οἱ
718 972 773 1054 μὲν
799 973 832 1036 ἐν
859 983 894 1058 τῇ
922 975 1008 1058 κλίνη
1033 975 1139 1056 ταράσ-

124 1096 226 1138 σονται
249 1080 358 1155 φυγεῖν
376 1072 430 1152 μὲν
447 1073 634 1154 βουλόμενοι,
658 1073 699 1153 μὴ
723 1072 884 1151 δυνάμενοι
906 1071 949 1153 δέ,
972 1070 1052 1134 οὐδὲ
1069 1072 1140 1146 τοὺς

124 1172 249 1247 ὀδόντας
271 1172 448 1254 βρύχουσιν,
474 1170 525 1232 καί
547 1169 630 1233 ἀλλοι
651 1171 704 1245 τὰς
726 1169 868 1253 σιαγόνας
890 1169 1064 1251 κόπτουσιν,
1087 1169 1139 1231 καλ

124 1271 217 1353 ἕτεροι
234 1269 304 1343 τούς
323 1267 501 1348 ὀφθαλμοὺς
514 1268 645 1342 ἐλεεινῶς
659 1266 886 1352 περιστρέφουσι
903 1267 954 1329 καί
971 1266 1023 1341 τάς
1041 1273 1138 1350 χεῖρας
1151 1291 1178 1331 ιο

125 1367 345 1448 συστέλλουσιν,
372 1367 447 1429 κατά
474 1366 579 1450 μικρὸν
601 1377 655 1448 τῆς
678 1367 833 1446 δυνάμεως
855 1375 907 1428 τοῦ
930 1366 1065 1445 σώματος
1087 1371 1139 1445 λη-

123 1467 252 1549 γούσης,
281 1464 332 1526 καί
358 1473 412 1544 τῆς
432 1465 565 1546 γλώσσης
592 1466 697 1538 δεινῶς
725 1463 916 1546 φλεγομένης.
967 1461 1056 1546 δρῶσι
1083 1463 1139 1547 γάρ

123 1563 188 1626 τότε
215 1562 286 1636 τούς
312 1560 366 1642 μὲν
392 1564 496 1636 θείους
522 1561 664 1645 ἀγγέλους
686 1565 822 1644 φοβερῶς
843 1585 873 1624 τε
897 1561 948 1623 καί
973 1560 1062 1636 ὀξέως
1084 1562 1140 1641 την

125 1661 230 1743 ψυχὴν
255 1659 467 1741 ἀπαιτοῦντας,
493 1659 563 1734 τούς
590 1659 622 1723 δὲ
648 1661 802 1743 πονηροὺς
828 1662 973 1741 δαίμονας
999 1679 1140 1744 παριστα-

125 1758 234 1840 μένους
260 1757 311 1820 καί
338 1763 571 1840 λογοθετοῦντας
597 1758 647 1821 καί
676 1769 914 1841 κατηγοροῦντας
940 1759 1068 1833 εὐτόνως
1089 1758 1140 1820 καί
1153 1779 1179 1820 ιε

125 1856 255 1939 ἁρπάσαι
276 1855 351 1939 πρὸς
374 1856 497 1930 ἑαυτοὺς
519 1856 751 1940 ἐπιχειροῦντας,
778 1851 841 1918 εἶτα
863 1855 913 1918 καί
938 1857 991 1918 τὸν
1013 1855 1140 1936 κλέπτην

125 1956 281 2034 αἰφνίδιον
302 1954 473 2018 είσελθόντα
495 1954 544 2016 καί
571 1956 627 2035 την
648 1953 752 2035 ψυχὴν
774 1963 827 2016 τοῦ
851 1954 985 2033 σώματος
1007 1953 1140 2036 ἀπορρή-

126 2055 231 2133 ξαντα,
262 2052 416 2134 πορεύεται
445 2052 515 2132 μετά
543 2052 794 2134 σκυθρωπότητος
824 2055 934 2131 πολλῆς
963 2051 1005 2124 είς
1030 2050 1140 2124 τόπους

125 2149 230 2226 ξένους
251 2149 302 2212 καί
323 2151 448 2230 πάμπαν
468 2149 699 2230 ἀγνοουμένους.
740 2153 857 2210 πολλῶν
875 2141 931 2210 οὖν
949 2145 1033 2228 ἡμῖν,
1056 2147 1139 2210 ἀδελ-

126 2250 191 2329 φοί,
214 2249 277 2310 τότε
300 2249 350 2309 δεῖ
366 2258 426 2308 τῶν
443 2248 547 2328 εὐχῶν,
569 2251 687 2309 πολλῶν
704 2255 764 2308 τῶν
781 2249 919 2327 βοηθῶν,
941 2250 1059 2307 πολλῶν
1081 2256 1140 2307 τῶν
1154 2269 1180 2308 ιο

125 2345 252 2427 ἀγαθῶν
275 2345 383 2428 ἔργων,
409 2349 521 2424 πολλῆς
547 2342 621 2424 ἡμῖν
647 2343 710 2407 τότε
737 2345 817 2425 χρεία
845 2353 897 2423 τῆς
923 2353 982 2404 τῶν
1010 2342 1140 2424 ἀγγέλων

124 2444 315 2527 προστασίας,
337 2447 448 2524 πολλῆς
465 2440 539 2522 ἡμῖν
556 2442 619 2504 τότε
637 2451 690 2522 της
708 2441 741 2504 ἐν
763 2451 799 2527 τῇ
818 2451 870 2504 τοῦ
889 2439 975 2524 ἀέρος
998 2440 1141 2522 ἀναβάσει

125 2542 316 2623 χειραγῶγίας
340 2539 391 2601 καῖ
417 2540 591 2621 συμμαχίας.
636 2541 665 2603 εί
684 2539 740 2622 γάρ
763 2540 805 2614 είς
829 2539 944 2623 μακρδιν
970 2540 1068 2623 χώραν
1090 2539 1141 2601 καὶ

126 2637 216 2718 ξένην
247 2638 336 2700 πόλιν
365 2638 498 2701 ἐνταῦθα
528 2639 724 2720 πορευόμενοι
756 2637 885 2717 δεόμεθα
918 2648 971 2700 τοῦ
1002 2662 1140 2720 χειραγω-

124 2747 252 2820 γοῦντος
281 2735 332 2798 καί
363 2735 559 2818 δδηγοῶντος,
595 2737 697 2798 πόσων
733 2733 806 2815 ἡμῖν
838 2737 888 2798 δεῖ
918 2746 978 2797 τῶν
1013 2739 1140 2817 βοηθῶν
1154 2757 1180 2799 τε

198 2915 214 2963 6
229 2909 333 2963 Locum
346 2908 376 2962 in
386 2907 577 2976 chrysostomi
590 2907 722 3034 ogeribus
737 2907 821 2963 editis
835 2924 891 2961 non
901 2906 1004 2961 inveni.
1029 2905 1140 2960 Similia

127 2980 217 3035 habes
235 2981 265 3034 in
283 2977 426 3049 Ephraim.
441 2979 504 3048 Syri
523 2979 593 3050 Opp.
633 2996 706 3034 εοεο.
725 2980 797 3035 Tom.
812 2979 851 3032 ΙΠ
866 2997 895 3048 p.
911 2977 1058 3046 262quq.

199 3129 215 3177 3
238 3123 302 3190 περὶ
324 3130 379 3176 τῶν
397 3120 473 3176 BCP
496 3123 560 3190 περὶ
582 3129 631 3192 τῆς
652 3130 708 3176 τῶν
731 3121 806 3191 (περὶ
831 3129 942 3191 ψηστῶν
964 3118 998 3190 G)
1021 3119 1081 3174 rell.
1106 3152 1140 3160 —

126 3200 180 3248 34
198 3195 263 3260 περὶ
280 3200 331 3263 τῆς
347 3201 403 3247 τῶν
421 3202 521 3263 ψυχῶν
539 3193 611 3261 πρὸς
628 3193 677 3249 τὸν
695 3192 820 3261 οὐρανὸν
837 3190 963 3247 ἀνόδουῖ
982 3223 1017 3231 -
1035 3196 1051 3245 8
1071 3191 1140 3261 φεύ-

125 3285 186 3336 γειυ
204 3264 260 3319 LV.
279 3297 314 3306 -
333 3264 384 3334 μὲν
421 3261 566 3334 ουλόμονοι
579 3263 653 3318 APV
675 3262 840 3335 βουλόμενοι
857 3261 908 3333 μέν
927 3261 1063 3317 ODEGL
1089 3263 1139 3333 μὲν

125 3354 177 3392 mn.
196 3337 258 3391 BR.
282 3369 316 3377 -
340 3342 373 3389 13
397 3265 491 3407 ἀξίως]
515 3333 599 3401 ἀξίας
622 3334 685 3390 GR.
708 3367 743 3376 —
772 3341 805 3390 18
829 3332 890 3404 ἥτις
912 3334 1077 3403 πορεύεταιῖ
1106 3367 1139 3375 -

127 3413 160 3461 21
180 3417 236 3463 τῶν
254 3405 343 3476 ἀγίων
361 3405 485 3476 ἀγγέλων
499 3406 556 3460 BP.
573 3439 606 3447 -
626 3412 659 3459 22
678 3403 859 3478 προστασίας]
879 3402 1016 3479 βοηθείας
1029 3405 1087 3460 RV.
1105 3436 1139 3444 -

126 3484 160 3533 25
179 3477 270 3534 πόσον
287 3478 334 3533 ΑΟ
357 3476 447 3534 ποίων
465 3478 491 3531 R
513 3475 616 3550 πόσῳῖ.

199 3627 232 3674 21
252 3619 319 3690 ἡμῖν
341 3620 430 3678 om?
536 3664 540 3673 .
