2617 3909
509 231 699 281 XPONIKON
1046 225 1109 290 763

83 379 337 460 περιπλάττουσιν
368 377 448 462 αύτῷ
480 379 565 450 νίκας
596 378 629 438 οί
658 376 849 457 ἐμβρόντητοι
876 375 925 437 καὶ
953 375 1111 446 λυσσώδεις

85 475 260 559 ὁμόφρονες
287 477 395 554 αὐτοῦ,
423 477 472 536 ἴνα
500 485 569 555 μιᾶς
596 485 655 536 τῶν
682 476 843 555 κρατίστων
866 474 965 535 αὐτῶν
987 473 1111 551 ἐπιμνη-

85 581 230 654 σθῶμεν,
257 575 392 636 τοιαῦταί
416 574 499 635 είσιν.
545 574 646 653 ἐπειδή
677 573 893 655 παρεσκεύαστο
921 570 996 651 πρὸς
1024 569 1112 632 τὸέν

86 675 221 752 δυσμαῖς
242 667 404 757 ᾠκισμένον
422 671 581 733 Σκυθικὸν
603 672 694 744 ἔθνος
717 671 900 751 ἀμύνασθαι,
923 669 1113 748 συναθροίζει

87 781 156 831 πᾶν
178 771 211 831 τὸ
234 765 287 831 ὁπ’
309 770 401 831 αύτὸν
428 770 606 851 στράτευμα,
633 771 678 842 εἰς
704 770 801 850 χεῖράς
823 792 852 830 τε
879 774 940 840 τοῖς
963 767 1112 845 πολεμίοις
1140 789 1151 828 τ

89 868 149 930 ι’ὼν
173 867 279 930 ὁποῖον
302 869 381 952 αύτῷ
401 867 433 928 τὸ
456 878 509 929 τοῦ
528 867 658 947 πολέμου
677 867 757 941 τέλος
775 869 954 948 κατόρθωτο
974 870 1118 946 μαρτυρεῖ

87 966 127 1027 τά
153 967 327 1045 φαινόμενα.
369 965 450 1046 μέχρι
472 965 528 1048 γὰρ
551 966 600 1027 καί
624 967 751 1048 τήμερον
773 965 809 1025 τά
832 965 905 1026 κατὰ
926 964 981 1043 τήν
997 960 1113 1043 Ἀχελὸν

88 1063 282 1144 καλουμένην
304 1063 392 1125 πόλιν
412 1069 498 1126 κοῖλα
515 1064 566 1125 καί
584 1065 743 1143 πεδιάσιμα
765 1065 867 1144 χωρία,
885 1061 905 1122 ὁὶ
923 1073 981 1123 τῶν
1000 1061 1112 1145 άνηρη-

91 1161 193 1242 μένων
216 1161 352 1235 ἐδέξαντο
370 1161 405 1222 τὰ
423 1168 513 1241 κῶλα,
534 1169 640 1240 σαφῶς
658 1161 916 1224 ὑποδεικνύουσιν.
953 1161 1040 1241 ἔργον
1058 1158 1113 1240 γάρ

91 1270 147 1339 τῆς
166 1265 326 1338 Σκυθικῆς
349 1262 493 1340 μαχαίρας
515 1261 596 1321 άπαν
619 1259 722 1340 σχεδὸν
741 1259 773 1321 τὸ
793 1260 955 1339 στράτευμα
972 1268 1031 1319 τῶν
1045 1251 1113 1318 Ῥω·
1129 1281 1154 1319 10

92 1360 192 1438 μαίων
222 1357 350 1439 γέγονεν.
395 1359 424 1418 εἰ
453 1357 485 1420 δέ
511 1381 539 1419 τι
569 1358 675 1440 μικρὸν
705 1357 755 1418 καί
785 1358 821 1419 ού
852 1357 932 1418 πάνυ
960 1356 1115 1436 ἀξιόλογον

92 1456 232 1536 ἔδρασεν,
259 1457 346 1518 τοῦτό
374 1455 460 1516 ἐστιν.
505 1456 575 1528 τοὺς
602 1454 658 1538 γάρ
685 1455 760 1536 πρὸς
787 1454 931 1528 ἀνατολὰς
958 1455 1115 1526 οἰκοῦντας

94 1555 267 1635 βαρβάρους
290 1551 426 1631 ἀκηκοὼς
448 1553 515 1633 περί
537 1554 607 1626 τοὺς
630 1555 759 1626 οἰκείους
782 1551 928 1634 ἡγεμόνας
946 1553 1114 1614 διαστασιά-

97 1655 203 1724 ζοντας
224 1649 274 1710 καί
297 1652 372 1731 πρὸς
394 1651 447 1712 τὸν
469 1651 615 1730 ἐμφύλιον
637 1652 766 1731 πόλεμον
790 1649 1039 1732 ἀσχολουμένους,
1062 1655 1114 1734 λη-

97 1748 290 1865 στρικύτερόν
312 1770 376 1821 πως
394 1754 505 1828 μᾶλλον
523 1747 543 1828 ή
562 1750 828 1832 στρατηγικώτερον
847 1748 887 1822 ὡς
906 1749 1004 1827 λήσων
1023 1747 1114 1810 ἐπιὼν
1130 1769 1154 1809 15

95 1852 158 1920 τοῖς
180 1856 233 1925 τῆς
252 1828 406 1928 Αρμενίας
429 1847 477 1908 καί
497 1850 611 1928 Συρίας
631 1849 749 1929 χωρίοις
767 1858 826 1908 τῶν
843 1848 942 1927 ἐκείνη
961 1847 1115 1930 φρουρίων

96 1944 173 2024 αἴρει
205 1943 346 2029 ὁμολογίᾳ
377 1955 436 2006 τῶν
468 1947 708 2027 προσοικούντων
740 1945 789 2006 καί
823 1946 871 2006 ἐπὶ
902 1945 957 2024 τήν
993 1941 1114 2026 Θράκην

98 2041 208 2114 αύτούς
238 2042 406 2124 μετήγαγεν.
453 2054 575 2104 τοιαῦτα
602 2036 719 2122 μὲν
684 2067 740 2104 ουν
767 2043 802 2104 τὰ
825 2043 939 2105 ἐκείνου
967 2042 1115 2122 ἀνδραγα-

99 2140 221 2219 θήματα
244 2138 294 2199 καί
317 2139 352 2200 τὰ
375 2135 438 2201 κατ’
463 2141 581 2221 ἐχθρῶν
603 2141 809 2222 σχεδιαζόμενα
832 2141 971 2220 τρόπαια,
996 2149 1116 2200 τοιαῦτα
1131 2153 1171 2194 ωε
1184 2151 1216 2192 ιι.

99 2235 131 2298 δὲ
159 2236 209 2297 καὶ
236 2237 271 2297 τά
298 2237 371 2298 κατὰ
399 2249 451 2318 της
480 2237 623 2318 ἀληθείας
654 2238 705 2299 καί
732 2238 881 2318 εὐσεβείας
913 2238 1115 2315 νεανιεύματα.
1131 2260 1156 2299 κο

172 2408 188 2454 2
208 2403 302 2456 αύτῶν
321 2419 371 2456 ουτ.
390 2400 467 2455 BGV
476 2401 538 2454 Nic.
557 2433 592 2441 —
616 2408 632 2455 5
652 2397 701 2454 ὑπ’
719 2401 806 2455 αύτὸν
825 2419 858 2454 m.
874 2405 893 2455 2
911 2418 945 2456 ex
962 2397 1011 2453 ὑπ’
1030 2400 1116 2454 αύτώι

101 2480 133 2526 ut
152 2474 206 2526 vid
221 2473 243 2526 P
262 2469 313 2526 ὁπ’
330 2473 459 2526 αὐτῶνθ
477 2469 529 2526 ὁπ’
545 2473 632 2527 αύτού
649 2471 713 2525 NR.
734 2504 767 2512 -
788 2477 803 2525 6
823 2471 987 2540 κατόρθωτο
1007 2469 1116 2524 ACEM

102 2546 288 2612 κατώρθωται
302 2543 431 2634 (κατβρθ.
442 2544 503 2598 vet
492 2550 585 2597 t.recc
596 2543 723 2613 quidam)
735 2544 838 2596 RV.—
855 2549 869 2595 7
885 2541 921 2615 ά
924 2544 992 2598 ελὼν
1006 2542 1117 2595 BDER

103 2615 236 2685 άχελονΟ
258 2613 394 2687 άγχιαλὸν
408 2615 583 2685 P(Nic.).-
603 2620 635 2668 12
656 2616 778 2683 ἔδρασαν
792 2616 817 2668 R
837 2565 971 2683 ἐδρασεΡ
990 2616 1037 2669 sed
1055 2633 1067 2668 ε
1086 2616 1117 2668 in

101 2688 149 2754 βνι
169 2705 202 2740 υτ.
222 2689 291 2740 2ίκ
310 2689 408 2741 ίιί.-
434 2692 468 2740 14
486 2688 532 2740 καὶ
557 2687 672 2753 πρὸς-
683 2685 905 2757 ἀσχολουμένους
925 2703 975 2741 om.
995 2685 1057 2739 EN.
1082 2718 1115 2724 —

103 2759 301 2830 ληστικίοτερον
320 2757 440 2811 ΕΝ.-
467 2763 499 2811 15
523 2757 613 2825 λήσων
634 2757 713 2811 DPV
735 2761 825 2826 λησῶν
845 2758 865 2811 0
888 2755 989 2827 ληίσων
1008 2758 1030 2811 Β
1054 2757 1117 2810 λύσ-

105 2829 203 2884 σωνΜ
221 2833 328 2883 λυττῶν
347 2829 486 2882 AER-
508 2836 539 2882 16
559 2826 672 2919 χωρίοις
690 2847 740 2883 ουτ.
755 2829 782 2882 N
800 2846 855 2898 εφη.
870 2847 935 2884 νοτε.
952 2831 1015 2882 add.
1032 2828 1062 2881 E.
1083 2861 1116 2868 -

104 2899 194 2969 ἐκείνη
214 2900 306 2954 ΡΝἰο.
331 2896 521 2962 ἐνεκείνοιςΒ
546 2899 663 2962 ἐκείνοις
681 2900 741 2954 rell.

174 3039 548 3097 9ὁποδείκνυσιΡΝίο.-
569 3049 602 3096 10
616 3063 647 3096 το
665 3060 715 3098 om.
731 3043 809 3096 P-
831 3049 863 3096 16
882 3045 931 3097 καί
944 3040 1116 3109 Συρίαςουι

106 3114 247 3168 PNi0.-
268 3119 337 3167 17—
340 3119 373 3168 18
387 3115 622 3181 προσοικουντων
652 3117 685 3168 ού
703 3115 755 3185 γὰρ
761 3115 865 3207 ἐχθρῷ
885 3123 938 3168 -ῶν
953 3115 1025 3184 cod.)
1040 3115 1117 3167 ἀλλο-

106 3186 214 3258 φύλῳ
200 3185 355 3277 γπηντήκει
373 3187 494 3249 πώποτε
513 3185 582 3240 ἀλλὰ
600 3187 717 3248 τούτους
735 3187 870 3256 αύτοὸςμ
888 3206 955 3247 νους
969 3183 1119 3254 άρμενίους

106 3258 152 3310 καλ
175 3257 277 3324 σύρους
299 3259 476 3326 χριστιανοὸς
498 3257 677 3350 ὑπάρχοντας
698 3256 849 3327 διαλόγου
872 3259 920 3311 καί
944 3255 1119 3324 ὁρκωμοσίας

108 3327 192 3382 ἐπί
163 3348 215 3396 την
228 3327 344 3403 θρᾴκην
363 3328 522 3399 μετήγαγεν.
556 3349 590 3383 ου
577 3327 654 3397 τήν
670 3329 776 3397 ἔφοδον
794 3349 821 3383 οι
813 3329 992 3396 σαρακηνολ
1006 3326 1119 3398 γνόντες

108 3382 281 3468 άπόμοιράν
287 3419 352 3453 τινα
371 3399 513 3468 ὁπλιτικῆς
536 3401 681 3470 φάλαγγος
699 3399 870 3492 ἐκπέμπουσι
893 3397 956 3453 κατ’
973 3400 1059 3453 αὐτοῦ
1080 3399 1119 3460 εἰς

108 3468 343 3540 πεντακισχιλίους
356 3470 464 3539 ἄνδρας
478 3466 714 3563 ήριθμημένην,
697 3492 736 3525 ων
748 3471 798 3560 τήν
809 3471 897 3540 ὁρμήν
912 3469 1119 3538 ἐπαισθόμενος

108 3539 205 3594 αύτίκα
246 3541 318 3607 υγὸις
335 3542 393 3633 ἅμα
412 3563 450 3633 την
470 3544 520 3596 σύν
539 3545 616 3614 αύτῷ
633 3542 737 3609 πλήθει
757 3562 851 3634 φχετο,
869 3541 972 3612 μηδὲ
958 3563 994 3604 ως
1008 3539 1119 3610 πλησιέ-

109 3629 191 3666 στατα
210 3563 269 3674 ολός
287 3632 316 3666 τε
335 3635 375 3667 ων
392 3615 503 3678 τούτοις
520 3599 661 3683 γενέσθαι.
698 3622 815 3667 τοιαυτα
834 3635 858 3668 κ
874 3634 896 3666 τ.
912 3617 933 3666 λ.
953 3613 1043 3665 PNic.
