2617 3909
530 252 718 303 XPONIKON
732 310 735 315 ,
1067 249 1133 315 395

122 406 247 486 ὀνόματί
268 429 326 485 μου
349 405 398 467 καλ
421 408 516 467 θυσία
542 408 678 490 καθαρά,
708 407 784 469 διότι
807 405 880 488 μέγα
902 407 934 470 τδ
958 406 1053 488 ίίνομά
1075 432 1134 487 μου

121 506 155 567 έν
177 510 238 578 τοῖς
260 504 393 584 ἔθνεσιν,
418 503 492 585 λέγει
514 506 616 586 κύριος
638 505 861 585 παντοκράτωρ,
884 505 968 584 ὑμεῖς
991 504 1023 567 δέ
1045 508 1098 587 βεβ
1119 544 1134 553 -

122 609 205 665 λοῦτε
228 602 310 665 αῦτό.
347 601 396 662 διὰ
414 611 500 664 τοῦτο
520 602 604 666 δώσω
623 602 700 681 ὑμᾶς
718 601 973 682 ἐξουθενημένους
991 602 1041 664 καί
1058 625 1133 685 παρ-

120 699 261 781 ειμένους
283 700 325 773 είς
355 700 451 761 πάντα
478 698 514 760 τά
541 699 633 779 ἔθνη,
662 699 737 761 ἀνθ’
756 692 798 761 ὧν
821 701 877 763 οῦκ
899 700 1060 779 ἐφυλάξατε
1082 701 1134 775 τὰς

121 798 241 871 έντολάς
264 821 330 877 μου.
368 798 415 859 διό
439 815 533 876 φησιν
552 792 701 879 Ἱερεμίας
725 798 792 859 τάδε
811 796 886 879 λέγει
902 799 1005 879 κύριος
1022 820 1132 860 παντο-
1161 817 1172 857 ε

120 896 250 978 κράτωρ
279 895 361 974 ίδού,
385 894 485 974 ώμοσα
507 902 546 978 τῷ
567 893 691 974 ὀνόματί
711 918 770 974 μου
792 901 832 980 τῷ
851 896 979 980 μεγάλῳ,
1006 896 1034 958 εί
1054 896 1134 957 ἔσται

120 1003 175 1055 τοῦ
203 998 308 1055 λοιποῦ
336 990 553 1072 ὀνομαζόμενον
580 994 613 1055 τὸ
641 990 736 1072 ὄνομά
760 1016 819 1072 μου
842 993 875 1055 ἐν
902 993 990 1055 παντλ
1013 993 1133 1073 στόματι

117 1086 228 1155 Ἰοῦδα.
274 1091 301 1152 εί
322 1088 354 1152 δέ
377 1089 408 1151 τὸ
433 1088 527 1169 ὄνομα
555 1090 646 1153 αὐτοῦ
675 1090 734 1170 ἔφη
759 1092 958 1173 περιαιρήσειν
981 1090 1040 1154 ἀπὸ
1060 1087 1134 1154 Ἰου-

121 1191 232 1269 δαίων,
263 1186 391 1267 είίδηλον
423 1188 467 1249 δτι
498 1186 548 1249 καλ
575 1188 627 1249 τὸν
653 1188 749 1266 νόμον
778 1188 828 1249 καί
855 1188 906 1262 τὰς
933 1191 1051 1263 θυσίας.
1097 1190 1134 1251 οῦ

121 1288 225 1348 τοίνυν
252 1283 482 1367 προηγουμένως
508 1284 582 1345 κατὰ
604 1287 693 1347 θείαν
716 1287 839 1366 γνώμην
861 1284 881 1365 ἡ
904 1286 1052 1368 περὶτῶν
1074 1293 1133 1348 θυ·
1148 1306 1173 1346 ιο

122 1394 196 1447 σιῶν
227 1382 321 1461 ἐδόθη
354 1383 526 1461 νομοθεσία.
575 1382 740 1445 κάντεῦθεν
772 1383 842 1463 μετὰ
873 1394 964 1446 ταῦτα
995 1384 1044 1445 διὰ
1074 1394 1133 1446 τῶν

122 1490 287 1563 προφητῶν
318 1480 390 1559 ἔφη’
423 1481 466 1553 τίς
497 1479 553 1562 γδιρ
585 1481 733 1561 έξεζήτησε
764 1491 856 1544 ταῦτα
886 1482 919 1544 έκ
945 1492 1004 1544 τῶν
1031 1493 1134 1563 χειρῶν

122 1578 222 1658 δμῦν;
245 1579 307 1640 καί·
330 1578 371 1657 μη
390 1577 471 1658 εὐχαὶ
488 1577 539 1639 καί
556 1578 643 1659 κρέας
661 1578 824 1660 ἀφαιροῦσι
842 1580 893 1653 τὰς
911 1578 1052 1662 άμαρτίας
1070 1599 1133 1643 σου.

123 1678 186 1738 καί·
211 1676 251 1756 μὴ
276 1676 387 1757 σφάγια
410 1675 460 1736 καὶ
482 1678 592 1751 θυσίας
614 1677 830 1759 προσηνέγκατέ
853 1701 904 1758 μοι
925 1678 958 1740 έν
981 1688 1016 1763 τῇ
1035 1678 1133 1763 έρημφ

123 1775 172 1854 έτη
197 1771 245 1854 μ’;
269 1775 330 1834 καί·
355 1774 405 1835 ἴνα
427 1775 457 1834 τί
478 1797 528 1852 μοι
551 1775 674 1855 λίβανον
696 1775 729 1837 ἐκ
747 1778 834 1856 Σαβᾶ
857 1775 956 1858 φέρεις
979 1774 1028 1837 καί
1050 1777 1134 1836 κινά-
1149 1797 1174 1837 ιε
1188 1798 1228 1839 εεο
1241 1798 1272 1838 οε

125 1894 229 1951 μωμον
251 1870 283 1932 έκ
305 1880 361 1952 γῆς
382 1871 546 1952 μακρόθεν;
570 1874 616 1936 διό
635 1890 741 1952 φησιν·
761 1875 873 1935 θυσίαν
890 1872 940 1935 καί
958 1872 1134 1956 προσφοράν

123 1969 180 2031 οὐκ
207 1967 366 2048 ἠθέλησας.
412 1969 474 2029 καί·
503 1968 544 2047 μη
572 1966 799 2051 ὁλοκαυτώματα
825 1971 895 2051 μετὰ
922 1973 1032 2045 θυσίας
1055 1968 1135 2031 θέλει

124 2064 140 2127 δ
164 2066 249 2144 θεός,
279 2063 299 2145 ἦ
327 2064 359 2126 τὸ
382 2064 545 2129 ὑπακούειν
568 2066 656 2151 αὐτῷ,
684 2068 734 2130 καλ
756 2068 831 2148 ἀκοὴ
854 2067 955 2151 ἀγαθὴ
978 2065 1052 2150 ὑπὲρ
1075 2075 1134 2128 θυ-

123 2166 200 2225 σίαν.
246 2164 307 2224 καί·
337 2163 365 2223 εί
393 2160 542 2242 ἠθέλησας
569 2166 696 2246 θυσίαν,
726 2167 822 2229 ἔδωκα
849 2165 895 2228 άν.
940 2166 990 2228 καί
1019 2165 1057 2244 δη
1084 2164 1135 2225 καλ

124 2262 176 2335 τὰς
198 2260 300 2343 ἑορτὰς
322 2260 471 2341 ἐκβάλλων
494 2260 594 2343 έπάγει
616 2261 720 2345 λέγων·
745 2265 900 2344 μεμίσηκα,
923 2263 1060 2343 άπῦσμαι
1083 2262 1134 2336 τὰς
1148 2286 1175 2326 εο

124 2359 226 2441 ἑορτάς
253 2358 347 2438 ὑμῶν.
391 2360 452 2420 καί·
482 2358 650 2439 ἀπέστησαν
677 2356 729 2422 ἀπ’
754 2361 827 2440 ἐμοῦ
853 2354 927 2443 ίγγον
955 2358 1041 2445 ρίδῦν
1068 2379 1134 2441 σον,

124 2458 175 2520 καὶ
197 2456 318 2537 ψαλμὸν
341 2454 477 2539 ὀργάνων
499 2474 554 2518 σου
578 2458 633 2519 οῦκ
651 2457 823 2539 ἀκούσομαι.
868 2460 929 2521 καί·
954 2457 1067 2541 ἡμέραν
1086 2482 1135 2539 με·

124 2557 219 2638 γάλην
252 2554 308 2616 οῦκ
339 2552 486 2634 ἀνέχομαι.
532 2556 593 2615 καί
626 2558 763 2635 νηστείαν
794 2557 844 2619 καλ
875 2556 981 2639 ἀργίαν
1008 2563 1091 2636 μισεῖ
1112 2555 1132 2636 ἡ

124 2654 208 2733 ψυχή
238 2674 303 2732 μου.
354 2653 415 2713 καί·
444 2651 481 2714 οῦ
508 2654 648 2732 τοιαύτην
678 2655 815 2732 νηστείαν
844 2653 1023 2734 ἐξελεξάμην.
1072 2655 1134 2715 καί·

126 2752 210 2813 δώσω
238 2749 310 2829 ὑμῖν
337 2750 543 2832 προστάγματα
571 2750 607 2812 οὐ
634 2753 722 2831 καλά,
752 2751 785 2814 έν
813 2746 857 2825 οίς
884 2752 921 2813 οὐ
953 2753 1076 2831 ζήσεσθε
1103 2750 1135 2812 έν
1149 2775 1174 2816 εε
1202 2806 1205 2809 ,

198 2958 299 3012 aMal.
320 2964 349 3025 2,
368 2962 392 3010 9.
418 2989 450 3013 -.
475 2962 491 3010 5
510 2956 564 3011 εει.
589 2964 623 3011 44
642 2960 711 3028 (ει),
730 2963 771 3012 26.
798 2990 832 2997 -
857 2964 889 3012 12
909 2958 963 3013 εει.
984 2964 1076 3026 1,12.
1101 2990 1136 2998 -

129 3037 160 3084 13
179 3030 234 3085 Jer.
251 3035 293 3097 11,
310 3034 400 3083 15-
421 3034 453 3082 14
467 3028 552 3082 Amos
566 3034 591 3098 5,
606 3036 648 3083 25.
664 3062 698 3069 -
719 3036 751 3084 15
764 3029 819 3084 Jer.
836 3036 860 3098 6,
874 3035 916 3083 20.
933 3060 966 3069 -
986 3035 1019 3083 16
1033 3029 1135 3083 ΡεαΙιη.

128 3108 160 3156 39
179 3104 248 3173 (ιο),
265 3106 287 3154 τ.
313 3131 345 3139 -
371 3106 402 3153 ιι
423 3099 588 3169 1115915,
609 3107 649 3156 22.
675 3133 709 3141 -
734 3107 766 3154 19
784 3101 887 3155 Psalm.
903 3106 936 3154 σο
956 3103 1023 3170 (ει),
1040 3106 1081 3155 ιε.
1102 3133 1134 3141 -

128 3180 160 3228 20
180 3177 266 3227 Amos
285 3177 314 3239 5,
329 3177 376 3236 21;
395 3177 436 3225 23.
457 3203 490 3211 -
511 3177 543 3224 22
563 3171 617 3225 Jes.
634 3178 662 3237 1,
679 3177 725 3237 13;
746 3177 786 3225 14.
805 3204 840 3213 -
859 3178 893 3227 24
912 3172 966 3227 δθε.
986 3177 1033 3239 58,
1052 3177 1076 3225 5.
1101 3204 1136 3212 -

127 3250 160 3299 25
179 3244 225 3297 Ez.
242 3248 284 3310 20,
300 3247 341 3296 25.

198 3428 213 3474 3
230 3418 472 3488 έξουθενωμένους
481 3420 512 3473 Α,
524 3452 557 3460 -
577 3426 592 3473 9
607 3421 655 3473 καί
670 3427 733 3475 ante
747 3421 797 3474 τὸν
810 3438 860 3475 om.
870 3420 904 3474 N.
915 3453 950 3460 —
965 3426 997 3473 13
1012 3417 1097 3488 κραία
1111 3420 1136 3472 Α

128 3492 205 3561 (κρέα
222 3493 297 3559 Jer.).
318 3522 350 3531 -
370 3496 403 3545 14
422 3510 469 3561 μοι
487 3508 537 3546 σοι.
552 3490 586 3544 N.
606 3523 641 3530 -
661 3497 693 3545 15
713 3491 786 3562 σαβὰ
804 3491 857 3544 ΒΕ
877 3500 954 3560 σαφᾶ
972 3491 1003 3543 Β.
1024 3522 1057 3529 -
1075 3510 1135 3544 κιν-

128 3564 260 3633 νάμωμον
273 3562 356 3616 ΒΝ.
371 3594 406 3603 -
422 3567 456 3615 20
471 3562 609 3634 ἐκβάλλων
624 3565 681 3632 (-ον
695 3563 730 3632 Α)
744 3563 841 3615 AEFL
858 3562 981 3633 ἐκβαλών
995 3559 1133 3613 BONRV.

129 3666 161 3675 -
181 3641 214 3689 21
234 3638 352 3705 ψαλμῶν
371 3633 425 3686 ΒΝ
431 3634 482 3688 RV
502 3632 652 3704 ψαλτήριον
666 3633 698 3687 A.
718 3666 752 3673 -
772 3639 805 3686 24
824 3632 876 3702 ἐγώ
896 3631 1058 3699 ἐξελεξάμην
1076 3629 1134 3681 BF.
