2617 3909
176 171 243 236 652
486 170 675 223 ΓΕΩΡΓΙΟΤ
691 169 876 224 MONAXOT

179 320 277 382 ούτων
294 318 522 400 τερατομόρφωυ
539 317 716 398 προσάπων,
735 325 862 400 χρυσοῦς
881 318 1045 396 μηνίσκους
1062 317 1114 380 ἐπλ
1133 341 1208 400 τρα-
1271 208 1289 429 ξ

176 417 268 498 χήλου
287 424 467 497 φοροῦντας,
490 415 584 494 φύσιν
603 412 657 494 μὲν
675 412 808 497 ἀρρενος,
826 416 951 493 θηλείας
970 413 1002 478 δὲ
1021 413 1098 493 όψιν
1117 416 1206 496 ἕχον-

177 539 229 589 τας
255 513 306 576 κοιλ
333 511 536 592 πεπλασμένως
557 513 733 592 βαδίζοντας
755 511 806 574 καί
830 511 1041 594 τεθρυμμένως
1065 519 1205 595 φθεγγο-

177 611 293 693 μένους.
335 610 432 691 ὥσπερ
455 608 597 691 ἕταιρίδες
617 607 757 690 ἀπρεπῶς
775 601 832 672 ὧδε
855 609 970 672 κάκεῖσε
988 609 1043 689 τὴν
1061 611 1205 690 κεφαλὴν
1278 616 1286 669 “.

151 710 356 791 επερισείουσι
383 707 434 772 καί
460 713 584 790 γελῶσιν
605 706 739 788 ἀκρατῶς
761 730 790 769 τε
812 707 863 770 καί
888 706 1019 782 ἀναιδῶς
1042 708 1203 788 οίστρηλα-
1282 714 1289 800 χ

177 810 246 869 σίαν
272 804 424 887 πρόδηλον
451 804 697 885 ύπεμφαίνοντες.
743 804 818 868 ὅθεν
845 799 906 884 μετ’
927 804 1046 887 ἀνδρῶν
1075 803 1133 884 μὲν
1160 804 1203 880 ὡς

178 910 316 986 γυναῖκες
334 907 472 982 μαλακῶς
489 901 680 982 εὐναζόμενον
698 900 748 964 καὶ
766 901 991 981 μαλακιζόμενοι
1009 905 1203 984 φθείρονται,

79 1014 163 1056 54711.
178 1000 249 1081 μετὰ
271 1010 422 1082 γυναικῶν
445 999 479 1063 δὲ
500 999 541 1074 όις
563 1000 695 1078 φύλακες
720 999 781 1079 άμα
803 999 854 1062 καί
877 1001 1076 1082 σωφροσύνης
1099 1001 1199 1080 δῆθεν

179 1099 342 1178 ἰνδάλματα
370 1098 569 1172 καθεύδοντες
598 1096 801 1177 ἀναισχύντως
832 1096 882 1158 καλ
913 1097 1203 1180 ἀπερυθριασμίνως
1286 1102 1289 1147 ἰ

139 1220 166 1261 το
179 1197 455 1279 αίσχροπραγοῶσιν.
495 1194 547 1256 καλ
565 1188 648 1258 ούτοι
667 1192 721 1274 μὲν
739 1195 834 1268 ούτως
854 1191 908 1256 ὑπ’
924 1193 1043 1277 ἀνδρῶν
1066 1193 1201 1258 ἀνοσίων
1224 1241 1228 1248 .
1286 1211 1290 1291 ’χ

178 1294 228 1358 καλ
256 1295 391 1376 βεβήλων
419 1292 614 1375 φθειρόμενοι
642 1293 849 1371 μαλακίζονται
878 1292 929 1354 καλ
955 1294 1202 1372 καταμιαίνονται
1290 1370 1292 1379 2

179 1392 230 1455 διὰ
252 1403 305 1473 της
327 1391 407 1474 παρὰ
431 1392 526 1469 φύσιν
548 1389 757 1471 ἀνοσιουργίας
779 1389 830 1452 καί
855 1391 1024 1472 βδελυρίας,
1053 1389 1140 1454 αύτολ
1167 1389 1200 1452 δὲ
1287 1390 1292 1412 ³

179 1492 356 1572 γυναικάρια
382 1490 551 1572 ταλαίπωρα
577 1487 628 1550 ’κοιλ
655 1485 858 1569 σεσωρευμένα
880 1487 954 1550 κατὰ
981 1489 1014 1550 τὸ
1041 1486 1201 1569 εἰρημένον

180 1587 335 1669 ἁμαρτίαις
357 1587 595 1665 καταμολύνουσι
615 1584 666 1647 καλ
688 1587 945 1666 καταβλάπτουσιν
968 1579 1017 1647 οία
1039 1586 1201 1658 λυσσῶδεις

141 1708 166 1749 τε
180 1685 283 1764 κύνες,
315 1683 366 1748 καί
392 1684 425 1744 τδ
453 1684 491 1763 δὴ
518 1684 718 1765 χαλεπώτερον
744 1682 795 1744 καλ
821 1682 1029 1766 ἐλεεινότερον,
1058 1682 1201 1746 ἐντεῦθεν
1292 1682 1293 1692 ’

180 1781 270 1842 αἴτιοι
297 1782 431 1862 γίνονται
457 1780 507 1842 καλ
534 1781 675 1863 πρόξενοί
694 1804 723 1846 τε
746 1779 797 1842 καὶ
824 1779 938 1860 μέτοχοι
960 1791 1014 1861 τῆς
1031 1779 1202 1862 ἀπεράντου
1292 1760 1295 1853 ,ί

179 1878 326 1952 κολάσεως
344 1878 379 1940 οἵ
391 1901 421 1941 τε
444 1879 620 1961 φθείροντες
642 1877 693 1939 καί
718 1879 750 1941 οἱ
771 1878 973 1960 φθειρόμενοι.
1015 1873 1077 1940 ἀλλ’
1100 1875 1124 1938 ἀ
1147 1887 1202 1958 τῆς
1292 1874 1295 1948 λ

180 1975 370 2058 ἀφροσύνης,
398 1973 497 2057 ἀκτῆς
519 1975 635 2056 ἀπάτης
663 1975 712 2038 καλ
735 1977 947 2058 παραπληξίας.
992 1976 1116 2048 τούτους
1143 1975 1201 2057 γὰρ

180 2072 339 2156 ἀνθρωποι
360 2073 411 2139 καλ
434 2075 557 2154 μάλιστα
579 2075 758 2155 προύχοντες
786 2071 826 2146 ῶς
854 2073 1013 2154 σύφρονας
1035 2073 1201 2154 παραδεχό-

140 2196 167 2238 εο
181 2195 265 2251 μενοι
286 2172 457 2235 πιστεύουσι
478 2171 529 2233 καὶ
551 2171 769 2251 είσοικίζουσιν,
797 2171 831 2232 οἵ
847 2193 879 2252 γε
902 2171 1126 2250 είσοικιζόμενοι
1148 2169 1200 2232 καλ
1293 2152 1296 2179 '⁵

181 2271 346 2352 παρρησίας
364 2270 556 2350 τυγχάνοντες
574 2268 644 2342 τοὺς
663 2266 755 2344 όντως
774 2270 894 2342 δικαίως
917 2268 1023 2352 ἀρετῆς
1045 2268 1201 2348 ἐπιμελου-

254 2455 287 2502 13
306 2447 338 2500 11.
354 2446 475 2502 Timoth,
491 2453 517 2516 ε,
531 2453 556 2500 ο.

254 2603 270 2650 8
289 2596 474 2668 κεκλασμένον
492 2598 527 2652 Ν.
551 2631 585 2642 -
610 2605 627 2652 4
645 2600 694 2654 καλ
713 2597 804 2666 ῶσπερ
823 2597 859 2653 ἑτ.
879 2599 902 2651 Β
930 2595 1022 2664 ῶσπερ
1045 2597 1098 2668 γὰρ
1119 2597 1154 2652 ἑτ.
1174 2598 1200 2651 V

183 2668 273 2736 ὥσπερ
293 2668 324 2722 ἀλ
338 2668 374 2724 ἑτ.
389 2667 409 2723 C
425 2668 516 2737 ῶσπερ
532 2669 562 2723 αἱ
575 2667 683 2738 τερίδες
697 2669 755 2724 GP.
779 2672 816 2724 Ικ
830 2668 855 2722 D
869 2667 961 2736 ὥσπερ
976 2685 1026 2724 om.
1042 2675 1066 2724 et
1081 2669 1118 2731 ὡς
1136 2687 1169 2723 m.
1182 2675 1198 2723 1

181 2758 236 2810 εχιτ.
256 2757 322 2795 νινε.
346 2771 380 2780 -
404 2745 419 2793 9
439 2739 709 2811 ἀπεροθριασμένως
732 2742 873 2811 (ἄπεροθρ.
895 2739 1063 2810 M)'GNPR
1089 2740 1197 2808 ἀπηρν-

181 2810 446 2881 θριασμένωςΒΟΕ
461 2812 720 2882 ἀπηρυθριωμέυως
729 2812 762 2867 V.
777 2844 811 2852 —
827 2817 860 2865 13
880 2813 929 2866 καί
943 2810 1133 2880 σεσωρευμένα
1147 2810 1199 2864 ΒΡ

182 2884 231 2938 καί
250 2882 419 2954 σεσοβημένα
439 2882 516 2937 Suid.
536 2885 592 2937 καί
603 2900 653 2939 ονε.
671 2882 730 2937 rell.

256 3049 288 3096 17
302 3045 371 3098 Post
384 3040 569 3112 φθειρόμενοι
583 3042 606 3095 Ρ
619 3043 699 3098 αδδς
717 3043 828 3112 καὶτῆς
842 3037 978 3109 ούρανίου
997 3035 1139 3112 βασιλείας
1153 3041 1198 3096 ἔκ·

183 3132 286 3167 πτωτοτ
304 3113 378 3167 κατὰ
392 3113 444 3183 τὴν
458 3113 646 3184 ἀποστολικὴν
660 3111 806 3182 ἀπόφασιν
821 3113 851 3184 (1
867 3112 927 3167 Cor.
942 3119 968 3181 6,
979 3117 1009 3179 9;
1024 3113 1077 3181 10),
1096 3105 1114 3178 ἡ
1129 3129 1198 3180 φησι

183 3183 256 3237 κατὰ
274 3182 419 3254 συζυγίαν·
444 3185 508 3240 ούτε
526 3186 721 3254 ἀρσενοκοῖται
745 3183 808 3238 οὔτε
826 3184 946 3254 μαλακοὶ
964 3181 1108 3255 βασιλείαν
1126 3187 1198 3237 θεοῦ

184 3255 218 3307 ού
236 3254 500 3324 κληρονομήσουσιν.
533 3257 675 3325 μαλακούς
692 3255 745 3325 γάρ
764 3256 830 3318 τούς
847 3253 1056 3324 φθειρομένους
1078 3253 1128 3308 καί
1145 3273 1197 3322 μα-

184 3322 380 3391 λακιζομένους
399 3324 512 3388 εἰκότως
530 3324 707 3388 ἀποκαλέσας
726 3325 756 3379 ἐκ
770 3334 931 3394 μεταφορᾶς
948 3334 1003 3379 τῶν
1018 3325 1046 3389 ἐξ
1060 3321 1200 3392 ἀρωστίας

184 3390 383 3462 φθειρομένων
401 3395 439 3456 ῶς
452 3393 530 3450 οδτοι
543 3395 622 3463 παρά
636 3405 692 3450 τῶν
706 3395 914 3464 μαλακιζόντων
930 3397 1033 3458 αύτούς
1050 3397 1099 3450 καί
1113 3396 1198 3463 φθει-

185 3461 299 3530 ρόντων.
320 3493 353 3502 -
375 3469 407 3517 18
426 3463 602 3534 ἀποπληξίας
619 3467 648 3520 Ρ.
669 3497 703 3506 -
723 3472 756 3520 19
776 3469 910 3536 σώφρονα
929 3467 958 3520 Ρ.
979 3497 1012 3508 -
1032 3471 1066 3520 20
1085 3465 1199 3520 είσοικι-

184 3532 338 3603 ζόμενοι-
349 3538 381 3586 21
404 3534 634 3604 ἐπιμελουμένους
651 3553 702 3592 om.
718 3536 747 3590 P.
