2617 3909
182 185 246 250 752
492 187 680 239 ΓΕΩΡΓῙΟΤ
697 187 881 238 ΜΟΝΑΧΟΤ

178 335 385 415 παυύχραντον
405 335 550 396 θεοτόκον
568 333 707 408 καὶτοὺς
726 332 829 416 ἁγίους
852 335 965 408 πάντας
987 332 1004 395 ό
1023 334 1139 416 ἐναγὴς
1157 333 1209 395 καλ

179 433 309 506 δύσθεος
326 432 536 511 ἐκτρεπόμενος
549 433 604 512 τὴν
617 427 688 513 παρ’
697 427 823 512 Ἕλλησι
836 432 1007 512 τιμωμένην
1018 427 1209 515 Ἀφροδίτην

178 529 229 592 καί
247 531 299 593 τὸν
312 532 464 594 Διόνυσον
481 531 665 611 ἕθρήσκευεν
681 526 697 590 ὁ
711 529 779 605 νέος
789 524 950 605 Ἰουλιανὸς
968 530 1019 591 καλ
1038 529 1208 611 άνθρωπο-

179 630 290 702 θυσίας
317 629 419 702 αύτοῖς
445 627 570 708 ἀνέφερε
598 627 673 710 πέρα
697 637 750 708 τῆς
773 629 900 709 πόλεως,
928 629 1006 690 ἔνθα
1033 639 1088 708 τῆς
1118 627 1208 710 ἁγίας

152 719 219 806 σύμ
242 725 258 789 δ
281 727 354 799 υαδς
377 727 523 808 μάρτυρος
547 728 694 807 Μαύροις,
723 727 813 807 ὅνπερ
837 724 853 787 ὁ
877 727 1013 808 μισάμιος
1035 725 1207 804 ἕκδαφίσας

178 825 229 886 καί
247 826 446 904 φονευτηριον
468 825 596 904 ποιήσας
616 829 751 906 Μαῦραν
774 823 907 906 ὠνόμασε
926 827 978 889 τὸν
996 827 1103 905 τόπον,
1129 813 1205 909 ἐνρῖ

178 921 229 983 καὶ
257 922 309 996 τὰς
343 923 417 1001 πρὸς
449 923 519 996 τούς
550 922 696 1001 δαίμονας
727 923 839 996 τελετὰς
870 925 986 1004 νύκτωρ
1019 925 1206 1003 ποιούμενος

178 1021 272 1081 παῖδα
299 1019 504 1098 κατέσφαττον.
549 1019 600 1082 καί
628 1028 773 1104 μαρτυρεῖ
794 1022 827 1084 τδ
850 1022 924 1102 πρὸς
947 1023 1063 1084 θυσίαν
1092 1042 1201 1104 σφαγι-

178 1117 273 1180 ασθὲν
296 1128 349 1179 τοῦ
373 1120 572 1198 Σουφλαμίου
599 1120 774 1202 παιδάριον,
802 1120 873 1201 ὅπερ
897 1119 913 1182 δ
937 1121 1148 1199 δαιμονιώδης
1172 1121 1201 1181 ἕν

139 1238 164 1278 ιο
178 1218 357 1301 παραβύστῳ
380 1219 494 1296 θύσας,
521 1217 648 1296 ἔκδηλον
671 1215 687 1278 δ
711 1218 783 1290 θεὸς
810 1224 871 1292 τοῖς
893 1223 1014 1290 πολλοῖς
1038 1229 1129 1280 τοῦτο
1153 1241 1202 1278 πε-

178 1318 311 1396 ποίηκεν.

79 1437 118 1476 us
132 1436 161 1474 κ.
249 1419 315 1475 Τῶν
333 1413 366 1475 δέ
383 1437 416 1495 με
434 1419 622 1494 Σαρακηυῶν
640 1409 705 1474 κατ’
722 1413 857 1492 ἀλλήλων
875 1412 1050 1494 μαχομένων
1068 1413 1202 1486 άκούσας

178 1511 358 1594 ἕκστροιτεύει
382 1511 456 1594 πρὸς
479 1511 514 1572 τδι
533 1511 607 1594 μέρη
630 1521 683 1591 τῆς
701 1513 816 1589 Συρίας
838 1511 888 1571 καὶ
911 1511 961 1572 διὰ
981 1511 1036 1590 τὴν
1058 1513 1201 1591 τοιαύτην

178 1610 331 1691 πρόφασίν
349 1632 378 1671 τε
401 1609 451 1670 καλ
473 1608 577 1670 άδειαν
600 1609 840 1691 προσλαβόμενος
863 1610 940 1694 λόγῳ
959 1610 1029 1682 τούς
1047 1617 1201 1691 συγγενεῖς

138 1729 164 1770 τι
178 1708 272 1768 αὐτοῦ
291 1702 463 1789 Ἀρμενίους
489 1706 539 1768 καί
562 1709 685 1787 Σύρους
711 1708 876 1788 αἱρετικούς
904 1708 946 1780 εἰς
973 1708 1006 1769 τὸ
1033 1710 1201 1782 Βυζάντιον

179 1802 345 1889 μετῴκισεν,
369 1798 412 1866 ὧν
435 1808 467 1867 οἱ
486 1807 605 1879 πλείους
628 1807 780 1879 οἰκοῦντες
803 1804 835 1867 ἐν
853 1815 889 1890 τῇ
912 1803 1015 1890 Θρᾴκη
1035 1805 1121 1888 μέχρι
1144 1816 1200 1867 νῦν

181 1907 378 1984 Θεοπασχῑται
399 1902 474 1963 κατὰ
496 1902 611 1983 Πέτρον
634 1902 691 1964 είσλ
714 1903 766 1964 τδν
789 1904 926 1966 δείλαιον.

79 2025 118 2064 ειτ
134 2024 165 2064 ιι.
248 2002 364 2063 Αύτίκα
386 2012 461 2083 γοῦν
487 1999 596 2082 ἤρξατο
623 2000 745 2082 ἀθρόως
768 2023 797 2063 τε
824 2001 874 2063 καί
901 2000 1034 2084 ἀοράτως
1061 2004 1198 2084 γίνεσθαι

179 2107 287 2179 σημεῖα
310 2101 342 2161 ἕν
365 2123 394 2161 τε
416 2107 478 2173 τοῖς
500 2109 560 2160 τῶν
582 2097 756 2181 ἀνθρώπων
780 2101 905 2178 ἱματίοις
932 2098 982 2161 καί
1009 2100 1052 2172 είς
1079 2099 1118 2160 τὰ
1142 2111 1199 2162 τῶν

138 2221 165 2260 ιο
179 2198 341 2277 ἐκκλησιῶν
365 2197 427 2272 ἱερὰ
450 2198 614 2277 ἐνδύματα,
641 2199 766 2277 σταυροί
786 2221 863 2271 τινες
888 2197 1037 2270 ἕλαιῶδεις
1059 2203 1199 2260 πλεῖστοι.

178 2295 228 2358 καί
261 2297 339 2358 ούτω
371 2295 528 2376 κατέλαβεν
560 2292 580 2374 ἡ
608 2296 758 2374 θεομηνία
790 2304 843 2357 τοῦ
875 2297 1046 2376 βουβῶνος,
1078 2297 1199 2376 λοιμικὴ

251 2510 338 2558 4-11
359 2504 495 2573 Stephani
509 2503 577 2557 vita
592 2503 729 2572 Stephani
743 2502 840 2572 Migne
856 2507 924 2556 1170
935 2501 962 2554 0.
983 2533 1017 2541 ——
1038 2508 1144 2558 12-17
1164 2506 1199 2572 cs.

178 2575 304 2645 Theoph.
316 2594 345 2644 μ.
361 2581 422 2641 422,
439 2580 480 2628 11.
500 2606 533 2614 -
555 2579 660 2644 18-10.
677 2579 737 2641 753,
754 2580 785 2627 15
805 2573 840 2641 cf.
855 2573 980 2642 Tbeoph.
991 2591 1021 2642 p.
1037 2579 1100 2641 423,
1114 2579 1140 2628 5.

250 2759 267 2806 4
292 2752 381 2821 πέραν
400 2751 522 2806 ΙιΒτἘκο.
551 2751 629 2819 παρὰ
652 2752 690 2804 Μ.
712 2758 822 2805 -“4.ὂ
841 2759 889 2892 της
911 2749 994 2820 ἁγίας
1015 2771 1096 2820 μαρτ,
1116 2773 1144 2822 μ.
1164 2746 1198 2822 ἦν

181 2824 195 2879 ὁ
215 2825 284 2886 ναδς
303 2825 329 2878 Ν
347 2833 372 2879 et
390 2841 461 2879 rece.
481 2824 598 2892 quidam
624 2831 675 2892 τῆς
698 2823 741 2893 άς.
761 2822 840 2893 μάρτ.
879 2843 895 2876 ν
919 2821 1022 2886 ὁναδς
1044 2824 1156 2893 μαύρας
1173 2823 1198 2877 V

180 2905 204 2950 τί
221 2913 292 2951 roco.
315 2896 376 2951 rell.
407 2903 458 2964 τῆς
480 2895 524 2965 ἅμ.
540 2896 650 2964 μαύρας
667 2893 682 2948 δ
701 2895 770 2956 ναὸς
788 2893 853 2948 Εκο.
874 2926 907 2934 -
928 2899 944 2947 6
965 2894 1077 2962 μαύραν
1096 2894 1195 2949 EExc.

178 3001 211 3008 —
235 2975 251 3022 8
277 2970 383 3029 παῖδας
405 2967 502 3021 ΡΕκο.
528 2999 561 3006 -
587 2972 620 3018 10
643 2974 702 3028 τοῖς
724 2969 837 3028 πολλοῖς
859 2983 909 3021 om.
928 2965 1025 3019 LExe.
1050 2997 1084 3006 -
1110 2972 1144 3020 12
1168 2985 1196 3036 με

176 3058 226 3094 om.
243 3040 277 3093 N.
298 3072 331 3080 —
358 3044 390 3092 16
409 3037 562 3111 μετῴκησεν
586 3037 666 3091 codd.
687 3045 798 3108 praeter
816 3037 841 3090 V
864 3045 889 3092 et
905 3053 975 3091 rece.
996 3037 1143 3105 quosdam.
1165 3070 1196 3077 —

181 3117 211 3163 17
231 3108 421 3180 θεοπασχίται
435 3110 457 3162 Ρ
475 3114 669 3178 θεοπασχηται
683 3108 732 3163 BV
748 3108 978 3179 θεοπασχηταλΑ
993 3113 1197 3179 θεοποισχεῑται

177 3186 231 3306 gn
246 3181 277 3251 C)
296 3181 385 3235 CEN.
410 3213 444 3222 -
469 3186 502 3234 18
521 3180 624 3248 ἤρξατο
643 3181 691 3233 ΑΡ
714 3179 834 3247 ἤρξαντο
857 3179 916 3234 rell.
941 3211 975 3219 -
999 3186 1031 3232 21
1053 3181 1197 3252 βομβῶνος

207 3251 256 3306 ΟΕ
279 3254 427 3323 μομβῶνος
445 3252 469 3304 Ι)
493 3249 632 3324 βομβόνος
649 3251 679 3303 Μ
704 3252 842 3323 βόμβονος
860 3251 892 3304 Α.

251 3433 265 3478 7
286 3426 396 3485 τελετάς
420 3428 468 3479 καλ
492 3427 638 3493 συνθήκας
658 3427 680 3480 Ρ
704 3427 862 3496 (συνθήκας
884 3427 992 3496 Steph.)
1016 3459 1050 3467 -
1075 3434 1106 3481 11
1127 3431 1194 3482 Alia

179 3495 490 3630 ωιοὲηοηεηιᾱήηειῗῖ
510 3504 542 3549 12
563 3494 624 3550 κατ’
643 3514 694 3552 om.
709 3497 738 3551 P.
755 3529 789 3538 -—
810 3504 842 3552 19
860 3507 957 3566 σημεῖα
973 3514 1022 3552 om.
1037 3497 1193 3568 PTheoph.

1001 3802 1283 3843 ,μῌΔ-ἰΙ-Ε-ιύ
