2617 3909
165 160 230 224 772
478 161 666 212 ΓΕΩΡΓῙΟΤ
684 160 867 212 MONAXOT

164 310 279 389 λάτιον,
311 307 450 370 κάντεῦθεν
479 307 574 381 εύθὺς
601 306 775 381 ἀποστείλας
802 301 874 368 καθ’
901 307 974 386 όλην
1002 307 1059 387 τήν
1086 305 1187 385 πόλιν,

164 407 375 486 ἕξευφήμησαν
397 405 490 468 αὐτὸν
513 404 642 486 βασιλέα.
688 409 803 487 πρωίας
829 404 861 468 δέ
883 404 1062 487 γενομένης,
1088 402 1108 484 ή
1133 403 1188 484 μὲν

163 506 197 567 έν
214 512 254 590 τῷ
268 507 399 589 παλατίηι
422 507 626 584 κατεκλείσθη,
649 502 666 565 ὁ
686 502 717 566 δὲ
736 504 874 585 βασιλεύς
896 502 945 565 ἐπὶ
967 503 1091 564 πάντων
1111 501 1187 582 ἀνη-

163 605 297 685 γορεύθη
320 603 370 664 διὰ
395 604 544 684 Ταρασίου
566 603 757 684 πατριάρχου.

137 804 150 845 τ
438 777 512 862 [λη’.
545 779 633 862 Περὶ
661 776 904 862 Νικηφόρον]

232 905 321 967 Μετὰ
344 904 375 967 δὲ
397 906 536 987 Εἰρήνην
558 905 726 985 ἐβασίλευσε
751 905 930 987 Νικηφόρος
953 905 1003 983 έτη
1027 901 1064 984 η’
1085 905 1187 984 ήμισο.

67 1029 107 1068 οτι
121 1026 151 1066 ιι.
166 1002 200 1078 ὃς
220 1004 359 1086 Εἰρήνην
382 1004 488 1065 αὐτίκα
511 1005 680 1085 περιορίσας
704 1002 736 1064 έν
759 1013 795 1088 τη
818 1001 927 1089 Λέσβῳ
950 1003 1044 1087 νήσῳ,
1068 1003 1188 1084 Βαρβά-

164 1127 220 1182 νης
244 1102 259 1165 ὁ
283 1103 435 1183 πατρίκιος
457 1101 508 1162 καί
531 1101 693 1184 στρατηγός
715 1111 774 1162 τῶν
797 1099 981 1162 ἀνατολικῶν
1004 1102 1037 1163 τὸ
1062 1101 1188 1180 ἐπίκλην

168 1206 300 1284 Τούρκος
318 1199 511 1282 ἀνηγορεύθη
531 1200 669 1280 βασιλεὺς
693 1199 752 1262 ύπὸ
774 1209 833 1260 τῶν
851 1208 1016 1281 περατικῶν
1035 1199 1187 1278 θεμάτων.

41 1321 153 1362 emmo
166 1300 199 1374 ός
221 1323 254 1381 γε
276 1298 370 1360 πολλὰ
392 1307 480 1359 τούτο
503 1299 760 1379 παραιτησάμενος
782 1296 832 1358 καὶ
857 1297 1014 1379 ὃιαύράσαι
1038 1297 1080 1376 μή
1106 1297 1187 1378 ἰσχύ-

164 1416 232 1476 σας,
264 1396 337 1458 ἀλλά
368 1397 420 1481 βίᾳ
451 1395 603 1457 κατελθὼν
630 1396 663 1457 έν
691 1395 878 1477 Χρυσοπόλει
908 1394 958 1456 καί
985 1396 1187 1477 περιπολήσας

165 1491 277 1576 ήμέρας
300 1492 332 1555 ν’
350 1494 400 1555 καί
423 1494 464 1574 μή
489 1493 605 1575 δεχθεὶς
627 1493 687 1556 ὑπὸ
710 1502 763 1573 τῆς
785 1491 898 1566 πόλεως
919 1491 1087 1574 ἀντέστρεφε
1112 1493 1187 1575 πρὸς

166 1593 202 1653 τὰ
224 1593 396 1674 Μαλάγινα.
438 1591 488 1653 καὶ
512 1591 551 1671 δή
575 1591 726 1672 φοβηθεὶς
748 1592 800 1653 τὸν
822 1591 897 1654 θεὸν
920 1591 970 1652 καί
993 1592 1188 1672 λογισάμενος

164 1691 270 1771 μήπως
299 1685 338 1751 δι’
365 1690 458 1752 αὐτοῦ
484 1689 606 1772 γένηται
633 1690 736 1772 σφαγή
768 1699 944 1771 χριστιανῶν
973 1687 1076 1770 λαβὼν
1107 1689 1187 1772 παρὰ

126 1811 151 1851 15
166 1788 349 1871 Νικηφόρον
371 1787 460 1869 λόγον
478 1787 628 1861 ἀπαθείας
650 1787 768 1868 ἀπῆλθε
791 1785 898 1859 νυκτὸς
922 1786 1020 1866 λάθρα
1039 1794 1095 1846 τοῦ
1114 1791 1187 1848 λαοῦ

164 1887 239 1968 πρὸς
261 1886 317 1966 τήν
338 1885 436 1967 μονήν
449 1881 626 1969 Ἡρακλείου
648 1884 699 1947 καί
722 1893 900 1966 παραχρῆμα
923 1883 1024 1966 γέγονε
1049 1883 1187 1966 μοναχός.

164 1984 323 2067 ἐρχομένου
347 1983 379 2046 δέ
402 1985 495 2046 αύτού
524 1982 574 2045 διὰ
596 1992 650 2045 τοῦ
673 1981 826 2055 σταλέντος
849 1984 1005 2062 βασιλικοῦ
1029 1985 1186 2062 χελανὸίον

163 2083 196 2144 έν
219 2091 254 2168 τη
279 2083 389 2167 Πρώτη
413 2083 494 2166 νήσῳ
518 2083 560 2155 είς
582 2082 614 2144 τὸ
639 2081 838 2163 μοναστήριον
861 2079 969 2160 αύτού,
992 2077 1008 2142 ὃ
1033 2073 1073 2159 ήν
1097 2081 1187 2154 αὐτὸς

163 2182 456 2261 προκατασκευάσας,
484 2177 642 2252 Λυκάονές
664 2202 741 2252 τινες
768 2176 875 2260 ἀνδρες
901 2176 921 2258 ή
951 2183 1063 2258 μᾶλλον
1091 2180 1187 2240 εἰπεῖν
1278 2231 1279 2242 ,

124 2301 150 2339 νο
164 2279 378 2360 λνκάνθρωποι
408 2278 606 2355 ἐκτυφλοῦσιν
638 2277 729 2339 αὐτὸν
761 2275 842 2357 παρὰ
868 2277 992 2359 γνώμην
1019 2286 1074 2338 τοῦ
1102 2279 1187 2358 βασι·
1278 2279 1279 2344 J

163 2373 243 2448 λέως.
290 2377 336 2438 διὸ
365 2375 416 2436 καὶ
443 2377 523 2460 λύπη
551 2381 645 2460 πολλή
674 2373 828 2455 συσχεθεὶς
855 2375 968 2448 πάντας
991 2370 1062 2453 μεθ’
1089 2375 1187 2456 ὅρκων
1278 2421 1279 2462 χ

163 2473 361 2555 έπληροφόρει
384 2473 519 2534 ἀναίτιον
542 2472 634 2534 αὐτὸν
658 2467 734 2535 είναι
757 2482 810 2534 τοῦ
831 2472 968 2534 τοιούτου
990 2473 1186 2552 τολμήματος.
1278 2465 1279 2508 1

163 2571 321 2653 τεκμήριον
349 2570 381 2633 δέ
408 2572 457 2633 ἐπί
484 2578 546 2644 τοῖς
573 2569 753 2652 λεγομένοις·
783 2570 833 2632 καὶ
860 2569 915 2653 γάρ
946 2567 1016 2631 οὐδὲ
1048 2572 1186 2648 φαίνεται
1278 2571 1279 2610 λ

163 2669 331 2751 χριστιανὸν
345 2671 462 2731 πώποτε
476 2671 627 2748 φονεύσας
640 2667 661 2748 ή
676 2667 761 2748 μέλος
776 2668 868 2730 αὐτοῦ
882 2667 1072 2728 παντάπασιν
1086 2667 1185 2750 ἀκρω-
1278 2687 1279 2736 Ῑ

124 2790 150 2829 νε
164 2767 306 2850 τηριάσας
324 2767 448 2848 εὐσεβής
466 2767 607 2847 ὑπάρχων
625 2764 702 2848 ἀγαν
724 2765 771 2826 καὶ
792 2765 1031 2848 χριστιανόφιλος
1048 2766 1141 2826 πάνυ.
1278 2815 1279 2854 4

227 2859 297 2944 Ἐφ’
318 2858 355 2926 ού
379 2865 411 2927 ἐν
434 2870 473 2949 τῷ
493 2866 578 2948 τρίτῳ
602 2863 657 2924 ἔτει
682 2873 734 2943 τής
757 2864 906 2944 βασιλείας
929 2861 1024 2924 ὁτῶν
1043 2868 1184 2944 Σαρακη-
1278 2859 1279 2906 ἶ

236 3043 250 3090 ‘1
270 3039 304 3104 cf.
320 3037 445 3106 Theoph.
460 3053 486 3104 p.
503 3041 564 3103 479,
579 3041 603 3089 8.
621 3067 653 3074 —
674 3041 760 3088 7-19
781 3036 815 3101 cf.
832 3034 957 3104 Theoph.
970 3052 997 3105 γ.
1014 3040 1076 3102 479,
1093 3041 1135 3088 15.
1151 3067 1183 3074 —

166 3113 269 3161 19-22
288 3109 323 3175 ef.
338 3108 463 3178 Theoph.
477 3125 504 3177 p.
520 3112 582 3175 480,
597 3113 638 3160 16.

237 3264 251 3310 1
272 3259 360 3319 εὐθὺς
377 3259 525 3312 ABVExc.
549 3277 600 3313 om.
620 3257 679 3311 rell.
705 3289 739 3297 -
768 3263 783 3310 2
804 3255 993 3327 έξενφήμισαν
1012 3257 1060 3310 ΑΕ
1085 3257 1184 3326 έξεφή-

165 3344 257 3394 θησαν
270 3328 294 3378 Β
313 3328 489 3397 έξεφύμησαν
503 3329 561 3382 GR.
576 3361 612 3368 -
632 3334 664 3380 13
685 3327 833 3397 μαλάγηυα
847 3328 895 3381 ΑΒ
906 3327 971 3382 Exc.
992 3359 1025 3367 ·-
1046 3335 1079 3381 21
1100 3328 1115 3382 ὁ
1133 3330 1183 3399 βα-
1278 3345 1279 3366 1

165 3398 256 3456 σιλεύς
269 3399 446 3464 σνσχεθελςΕ
463 3400 609 3470 συσχεθεὶς
623 3398 638 3452 ό
652 3399 781 3470 βασιλεὺς
795 3398 854 3452 LM.
870 3430 903 3438 —
919 3404 953 3451 23
971 3404 1006 3451 24
1019 3399 1183 3469 χριστιανὸν

166 3463 299 3529 φαίνεται
313 3465 371 3518 RV.
386 3497 422 3505 —
439 3474 473 3519 24
487 3470 611 3538 πώποτε]
624 3488 693 3523 ποτε
707 3468 807 3522 RExo.
823 3501 856 3508 -
877 3475 910 3522 25
924 3469 1001 3524 πάνυ
1015 3487 1066 3524 om.
1081 3469 1180 3524 BExc.

167 3564 200 3572 —
220 3540 255 3586 26
273 3541 322 3600 τῆς
341 3536 481 3604 βασιλείας
495 3538 573 3589 ΑΒΝ
593 3546 619 3592 et
635 3545 668 3592 κί
686 3539 739 3592 vid.
755 3539 777 3591 E
796 3548 845 3608 τῆς
859 3541 945 3593 αύτού
961 3537 1102 3610 βασιλείας
1119 3540 1180 3593 rell.
