2617 3909
168 228 236 291 574
485 226 672 278 Γωοεειοε
690 226 872 278 Μοσωεοε

165 370 382 456 Ἀλεξανδρείας
413 373 449 435 τὰ
480 373 610 454 δημόσια
642 374 714 451 ὅλης
745 383 799 452 τής
826 374 983 454 Αἰγύπτου
1014 371 1064 433 καὶ
1093 381 1187 433 ταῦτα

169 474 317 551 διανεῖμαι
340 473 417 534 ὅπου
440 466 468 532 δ’
495 470 533 532 δν
557 472 679 555 κελεύῃ,
706 470 756 532 κοιλ
780 470 873 549 μόνον
895 478 1083 551 Ισυγχωρήσαι
1110 470 1191 555 αύτῷ

167 570 217 632 καλ
244 568 389 645 εὔξασθαι
419 567 494 650 ὑπὲρ
526 579 579 648 τής
607 571 756 649 βασιλείας
786 567 880 630 αύτοῦ
911 590 941 629 τε
972 566 1022 629 καὶ
1042 562 1187 647 Ὀνωρίου

170 678 222 730 τού
245 668 378 745 οἰδελφού
401 666 504 746 αὐτοῦ,
527 665 577 727 καὶ
599 665 781 747 ἀντιγράψαι
799 666 901 739 αὐτοῖς
919 663 977 727 κᾶν
994 665 1081 738 άπαξ.
1119 662 1188 725 δδὲ

140 786 155 826 ι
169 764 201 827 ἐν
224 764 320 847 ἁγίοις
342 764 439 846 πατήρ
466 761 553 843 ήμῶν
573 760 722 845 Ἀρσὲνιος
748 764 863 845 γράψαι
891 761 945 841 μὲν
971 763 1046 845 πρὸς
1075 761 1187 835 αύτούς

168 862 225 925 ούκ
247 861 393 943 ήνέσγετο,
418 863 507 941 δηλοῖ
526 860 557 924 δὲ
580 861 682 935 αὐτοῖς
703 863 810 934 οὕτως·
834 859 952 941 δθεύς,
974 859 1071 940 τέκνα,
1093 870 1186 921 πᾶσιν

66 976 109 1016 εει
123 974 153 1013 Μ.
168 958 242 1038 ὑμῖν
270 960 451 1041 συγχωρήσει
478 958 526 1020 καὶ
554 958 672 1033 ἀξιώσει
698 965 795 1021 ποιεῖν
822 958 858 1019 τὰ
879 964 951 1020 θεῖα
978 958 1070 1020 αὐτοῦ
1095 958 1186 1035 θελή-

168 1080 253 1137 ματα.
308 1056 375 1138 περί
407 1055 438 1119 δὲ
472 1050 514 1118 οὸν
546 1057 749 1139 γεγραφήκατε
781 1058 938 1138 χρημάτων
970 1055 1026 1137 ἕγδο
1057 1053 1118 1135 ήδη
1150 1061 1190 1139 τῷ
1307 1103 1308 1144 ,

169 1154 270 1242 κόσμῳ
294 1154 457 1217 ἀπέθανον.
504 1154 607 1234 μηδείς
630 1147 686 1216 ούν
709 1155 863 1236 λογίσηταί
883 1177 918 1233 με
946 1154 1021 1226 ὅλως
1045 1148 1123 1215 εἶναι
1145 1154 1187 1226 είς
1307 1159 1308 1210 λ

126 1275 155 1315 ιο
168 1252 238 1327 τούς
265 1256 382 1327 ζῶντας.

236 1346 278 1411 Ἡ
304 1352 431 1424 σύνοδος
462 1360 521 1411 τῶν
554 1348 602 1432 ρν’
634 1349 727 1431 ἁγίων
758 1349 893 1431 πατέρων
924 1348 975 1410 καί
1006 1346 1022 1409 δ
1050 1349 1188 1428 βασιλεὺς

171 1450 330 1521 Θεοδόσιος
353 1450 506 1532 Γρηγορίρι
535 1454 574 1531 τῷ
597 1448 732 1534 Θεολάγεγ
759 1448 815 1527 τήν
841 1448 1006 1526 ἐπισκοπὴν
1033 1446 1187 1527 ἐκύρωσαν

169 1546 522 1624 Κωνσταντινουπόλεως,
545 1543 595 1605 καλ
613 1546 654 1624 μή
673 1544 800 1607 θέλοντα
819 1555 926 1607 τοῦτον
946 1552 986 1629 τῷ
1001 1545 1103 1629 θρόνῳ
1126 1544 1187 1605 ἐνί-

170 1643 284 1724 δρυσαν
307 1642 481 1723 βιασάμενοι
503 1640 544 1714 ὡς
565 1640 660 1703 πολλὰ
682 1643 814 1722 καμόντα
841 1642 892 1705 καί
914 1652 967 1722 τῆς
989 1646 1104 1721 πλάνης
1126 1653 1186 1704 τῶν

129 1761 155 1801 ιι
170 1738 308 1820 αἱρέσεων
344 1738 399 1818 τήν
435 1738 523 1800 πόλιν
556 1738 804 1819 ἐλευθερώσαντα.
850 1737 969 1821 ὀλίγους
1001 1736 1032 1801 δὲ
1064 1748 1124 1800 τῶν
1154 1738 1186 1813 ἐξ

169 1837 325 1918 Αίγύπτου
349 1835 458 1916 μαθὼν
481 1835 497 1898 δ
520 1842 604 1910 θεῖος
627 1837 792 1919 Γρηγύριος
814 1837 949 1921 τῷλόγῳ
974 1838 1080 1898 τούτου
1104 1842 1186 1914 φθο-

170 1934 318 2013 νήσαντας
358 1934 410 1996 τὸν
443 1935 657 2018 συντακτήριον
694 1935 912 2013 ἐπιδειξάμενος
953 1933 1094 2007 ἑκουσίοις
1132 1944 1186 2014 τής
1289 1999 1294 2005 ,

170 2032 364 2113 ἐπισκοπικής
400 2034 573 2113 διοικήσεως
608 2033 806 2114 ὑπεχώρησεν.
857 2034 1025 2113 Γρηγορίου
1064 2028 1096 2094 δὲ
1132 2041 1186 2110 τῆς

70 2146 110 2185 474
123 2144 154 2184 M·
170 2131 332 2211 ἐπισκοπῆς
362 2132 706 2204 Κωνσιαντινουπόλεως
741 2128 981 2209 ἀποταξαμένου,
1018 2130 1186 2211 Νεκτάριον

130 2227 186 2292 εοδ
215 2228 351 2310 βασιλεὺς
380 2230 588 2310 προχειρίζεται
619 2227 670 2290 καλ
697 2225 717 2307 ή
748 2228 889 2306 σύνοδος,
924 2225 1037 2308 Ταρσέα
1069 2225 1122 2306 μὲν
1149 2233 1188 2311 τῷ

169 2326 256 2408 γένει,
279 2327 334 2406 τήν
357 2337 410 2388 τού
432 2327 597 2407 πραίτωρος
626 2323 658 2387 δὲ
681 2324 776 2406 ἀργήν
802 2324 865 2386 τότε
888 2323 1037 2405 διέποντα,
1060 2324 1185 2404 ἀβάπτι-

243 2520 347 2583 11-γ.
368 2519 434 2581 575,
453 2520 469 2567 2
488 2514 538 2567 Th.
559 2514 588 2567 L.
612 2514 646 2580 cf.
667 2513 732 2570 Exc.
751 2514 814 2567 Bar.
835 2513 959 2582 Theoph.
975 2531 1005 2583 p.
1026 2518 1104 2581 69,4
1128 2513 1184 2567 Leo

169 2584 290 2639 Gramm.
301 2602 331 2653 p.
348 2590 407 2653 103,
422 2591 446 2640 8.

242 2750 255 2797 1
273 2742 337 2813 ὅλης
350 2752 399 2813 τῆς
412 2744 550 2814 αίγύπτου
560 2743 607 2796 ΑΒ
618 2743 684 2798 Exo.
700 2744 736 2798 de
750 2744 812 2797 virt.
828 2747 886 2813 (τῆς
900 2745 1037 2815 αίγύπτου
1051 2743 1142 2869 sminge
1151 2743 1184 2812 P)

170 2813 234 2883 ὅλης
256 2832 306 2869 om.
326 2814 387 2869 rell.
412 2846 446 2855 -
470 2820 485 2867 2
505 2812 533 2867 δ’
553 2812 589 2869 διν
608 2814 655 2868 ΑΡ
684 2812 720 2869 δν
743 2816 878 2870 τελλΕκο.
903 2848 938 2855 -
960 2815 1106 2870 κελεύειΑ
1134 2814 1184 2867 FN

169 2886 283 2959 κελεύσῃ
305 2886 339 2940 V.
363 2918 398 2925 -
426 2892 602 3009 συργωρήσαι
616 2918 650 2925 -
666 2885 804 2951 εὔξασθαι
826 2885 903 2939 BPV
931 2885 1094 3010 συργωρήσρ
1121 2889 1184 2955 (σει

169 2957 246 3011 ADF
257 2989 296 3013 ,-
305 2957 416 3026 εύξηται
434 2972 464 3010 re
488 2999 494 3011 .
510 2990 544 2997 -
563 2963 579 3010 3
599 2954 719 3026 δνωρίου
732 2958 785 3011 ΒΙ)
805 2956 926 3026 δνωρίου
940 2958 963 3010 Ε
1009 2957 1123 3027 ὀνοριου
1137 2956 1185 3011 CV

170 2962 284 3095 ὁνορὸου
302 3028 332 3081 Μ
359 3026 479 3096 ωνορίου
502 3029 571 3098 (sine
592 3030 670 3098 spir.)
689 3031 715 3082 A
743 3026 863 3095 ὠνορίου
885 3030 928 3086 ναί
949 3027 1069 3097 ωνορίου
1092 3029 1125 3081 R.
1149 3060 1183 3067 -

170 3106 186 3152 4
206 3100 313 3171 αὐτοῖς]
333 3101 436 3163 αύτούς
453 3100 551 3155 BExo.
572 3100 607 3154 de
625 3100 688 3154 virt.
709 3132 742 3140 —
763 3106 777 3153 7
797 3100 864 3169 ἡμῖν
881 3099 906 3152 D
925 3107 953 3155 et
968 3115 1037 3154 rece.
1058 3100 1183 3169 quidam.

170 3201 204 3209 -
224 3172 311 3224 αὐτοῦ
333 3170 369 3225 τδι
391 3171 501 3225 θεῖαλλ
524 3172 611 3225 αύτού
635 3189 685 3227 ονε.
706 3171 761 3225 ΑΒ.
782 3203 816 3211 -
840 3166 950 3225 θεῖναι
973 3168 1042 3234 ὅλως
1059 3171 1089 3224 Μ
1116 3169 1185 3232 ὅλως

169 3257 219 3295 om.
234 3241 332 3295 BExc.
353 3242 388 3295 de
406 3243 468 3297 virt.
489 3275 522 3283 —
548 3249 580 3296 11
600 3242 617 3312 ή
638 3244 669 3297 δὲ
688 3243 808 3305 σύνοδος
825 3242 852 3296 V
874 3241 892 3311 ή
912 3243 1030 3303 σύνοδος
1048 3243 1080 3296 δὲ
1098 3242 1129 3295 Β.
1149 3273 1184 3281 -

171 3317 203 3364 16
222 3312 376 3374 τούτουςΟ
404 3314 532 3368 αύτοῦΒ
555 3322 655 3368 τοῦτον
673 3314 698 3366 R
725 3313 814 3368 τούτω
833 3312 899 3367 Exc.
924 3345 957 3354 -
989 3318 1021 3366 1⁵1
1045 3313 1095 3367 τὸν
1118 3330 1184 3367 συν·

169 3382 318 3450 τακτήριον
335 3382 418 3453 λόγον
436 3384 485 3438 PR
493 3385 558 3439 Exc.
569 3384 695 3453 Theoph.
706 3384 770 3437 Leo,
791 3416 824 3424 -
843 3392 892 3454 τῆς
911 3384 1094 3452 ἐπισκοπικής
1112 3386 1183 3438 διοι-

169 3452 274 3521 κήσεως
292 3453 417 3508 OELPV
439 3464 488 3526 τῆς
511 3458 663 3523 ἐπισκοπῆς
685 3456 735 3509 καλ
754 3454 916 3523 διοικήσεως
933 3456 959 3508 Β,
985 3463 1035 3525 τῆς
1056 3463 1106 3523 τῆς
1124 3456 1183 3510 ἐπι-

169 3532 276 3593 σκοπῆς
289 3526 482 3594 διοικήσεωςΒ
499 3534 549 3595 τῆς
563 3526 716 3594 ἐπισκοπῆς
730 3526 893 3595 διοικήσεως
902 3527 954 3580 AN
967 3532 1017 3594 τῆς
1030 3526 1185 3596 ἐπισκοπῆς

168 3594 233 3649 Exo.
244 3597 308 3651 Leo.
329 3629 362 3637 -
382 3603 414 3650 21
435 3596 575 3666 πρέιωρος
593 3596 615 3649 Ρ
637 3596 790 3664 πραίτορος
808 3596 922 3651 ΑΟΕΝ,
