2617 3909
180 215 246 280 486
335 259 337 264 .
494 215 680 266 Γωοεεεου
698 215 881 267 MONAXOT

182 363 363 445 ὁβασιλεῦς,
387 363 419 425 ἐν
442 350 461 449 ᾖ
485 361 636 442 ὤφθησαν
659 361 739 446 αὐτῷ
758 363 790 424 οί
809 371 863 424 τοῦ
885 365 1017 443 Χριστοῦ
1040 360 1207 424 ἀπόστολοι

182 461 325 545 λέγοντες
349 459 434 540 ἡμεῖς
457 459 542 540 ἐσμὲν
561 459 674 542 Πέτρος
697 458 747 520 καί
765 464 888 534 Παῦλος
910 459 1122 534 ἀποσταλέντες
1141 459 1206 521 ῦπὸ

83 575 123 614 εει
137 573 167 614 Μ.
182 567 258 624 θεοῦ
281 566 441 643 παρασχεῖν
463 578 510 620 σοι
533 558 635 640 ὑγείαν
657 557 708 619 καί
726 560 874 640 σωτηρίαν
893 557 942 620 διὰ
962 559 1018 638 τὴν
1036 557 1112 640 πρὸς
1130 558 1207 630 τοῦς
1294 582 1295 631 χ

183 660 292 732 παῖδας
318 658 521 737 ἐλεημοσύνην
547 680 576 718 τε
604 655 654 718 καὶ
681 658 880 737 συμπάθειαν.
925 655 1047 736 πέμψον
1070 649 1128 717 οὖν
1152 656 1207 718 καί

157 757 373 836 ομετακάλεσαι
400 756 452 818 τὸν
477 756 563 838 άγιον
586 756 766 836 Σίλβεστρον
792 753 825 816 ἐκ
847 764 900 816 τοῦ
922 755 1076 836 Σεραπίον
1099 752 1207 835 ὄρους,
1294 752 1295 841 ζ

183 853 233 916 καί
256 853 404 926 ἀποδείξει
427 871 474 914 σοι
497 853 552 933 τὴν
575 851 668 925 ὅντως
690 853 779 914 θείαν
798 875 827 914 τε
845 851 896 913 καί
918 853 1064 933 σωτήρων
1087 854 1206 935 πηγήν,
1294 852 1295 915 ἒ

184 951 217 1014 ἐν
244 939 264 1038 ᾗ
292 951 473 1045 λουσάμενος
500 950 537 1013 οὐ
565 951 659 1030 μόνον
686 948 857 1028 σωματικὴν
883 948 957 1024 ἕξεις
983 949 1102 1032 ῦγείαν,
1129 949 1207 1012 ἀλλά

185 1048 235 1110 καί
257 1049 390 1129 ψυχικὴν
413 1049 458 1110 ὅτι
481 1050 610 1128 μάλιστα.
656 1045 768 1129 ἡμέρας
790 1045 824 1110 δέ
844 1046 1005 1129 γενομένης
1026 1047 1207 1121 ἀποστείλας

185 1146 259 1229 πρὸς
281 1146 333 1208 τὸν
357 1151 443 1208 θεῖον
462 1148 640 1229 Σίλβεστρου
659 1145 730 1225 μετὰ
747 1150 858 1225 πολλῆς
875 1155 962 1227 τιμῆς
978 1143 1090 1228 ἢγαγεν
1108 1145 1206 1209 αὑτὸν
1294 1216 1295 1221 1

146 1265 173 1306 ω
186 1244 219 1307 ἐν
242 1251 280 1329 τῷ
299 1246 440 1329 παλατίηι,
463 1244 513 1306 καί
535 1243 663 1316 ἀναστάς
678 1242 697 1319 ,ὁ
716 1242 854 1324 βασιλεὺς
870 1244 1091 1324 προσεκύνησεν
1108 1244 1207 1306 αὐτὸν

187 1342 289 1424 λέγων·
322 1347 418 1416 καλῶς
450 1335 556 1423 ἦλθες,
584 1343 749 1424 Σίλβεστρε.
799 1339 849 1402 καί
877 1339 893 1403 ὁ
921 1340 1080 1414 ἐπίσκοπος
1107 1336 1205 1403 είπεν·
1294 1386 1295 1429 3

187 1441 292 1523 εἰρήνη
316 1459 362 1502 σοι
385 1440 444 1504 ἀπὸ
467 1447 543 1502 θεοῦ
566 1439 615 1501 καί
638 1440 768 1522 σωτηρία
786 1440 994 1520 παρασχεθείη.
1039 1442 1091 1500 καί
1107 1457 1207 1519 φησιν
1294 1460 1295 1511 j

189 1536 203 1598 ὁ
227 1539 374 1619 βασιλεῦς·
406 1543 564 1620 παρακαλῶ
592 1555 623 1598 σε
646 1537 739 1598 εἰπεῖν
766 1559 831 1617 μοι,
860 1537 888 1597 εί
908 1536 983 1617 ἐχετε
1005 1537 1098 1609 θεούς
1120 1560 1207 1609 τινας
1294 1574 1295 1633 χ

188 1635 304 1718 Πέτρον
335 1635 386 1696 καί
412 1639 536 1696 Παῦλον
563 1633 772 1714 καλουμένους.
794 1639 796 1644 ’
818 1633 868 1695 καὶ
896 1633 912 1696 ὁ
939 1633 1100 1707 ἐπίσκοπος
1129 1634 1204 1713 ἐφη·

149 1752 174 1792 15
189 1730 273 1812 ἡμεῖς
295 1732 348 1794 ἕνα
371 1731 444 1795 θεὸν
465 1731 566 1812 ἐχομεν
584 1731 713 1812 ποιητὴν
732 1731 863 1815 οάρανοῦ
881 1730 932 1792 καί
949 1741 1015 1813 γῆς,
1033 1725 1070 1793 οὗ
1089 1731 1206 1814 Πέτρος
1294 1762 1295 1793 1

189 1827 238 1890 καί
266 1832 387 1902 Παῦλος
420 1831 521 1890 δοῦλοι
552 1829 671 1911 γνήσιοι
702 1829 907 1911 τυγχάνουσιν.
957 1829 973 1891 ὁ
1002 1827 1034 1891 δὲ
1065 1830 1205 1909 βασιλεῦς

190 1943 296 2006 φησιν·
331 1927 473 2008 δύνασαι,
506 1920 529 1988 ὦ
562 1927 714 2008 ἐπίσκοπε,
747 1929 919 2010 φανερῦσαί
949 1949 999 2006 μοι
1035 1927 1086 2000 τὰς
1118 1925 1205 2006 ἀψεις

190 2025 289 2086 αάτῖον
318 2026 367 2086 διά
394 2029 474 2098 τινος
501 2027 685 2106 ζωγραφίας,
713 2025 794 2097 ὅπως
820 2025 930 2109 ἐπιγνῷ
954 2023 1149 2107 σαφέστερον,
1178 2025 1207 2086 εἰ

190 2123 277 2186 αὐτοί
298 2123 371 2185 εἰσιν
395 2125 426 2185 οἱ
447 2121 655 2196 ἀποσταλέντες
678 2121 738 2186 ἀπὸ
761 2128 836 2184 θεοῦ
863 2122 938 2203 πρός
960 2146 1009 2202 με;
1036 2121 1087 2184 καί
1109 2146 1204 2205 παρα-

150 2241 177 2282 εο
190 2231 286 2304 χρῆμα
313 2222 451 2296 κελεύσας
479 2219 494 2282 ὃ
517 2220 677 2294 ἐπίσκοπος
703 2228 743 2305 τῷ
767 2220 832 2304 ἰδίη)
860 2220 990 2304 διακόνῳ
1017 2220 1147 2302 ἐνεγκεῖν
1168 2219 1205 2281 τά

190 2319 338 2400 στηθάρια
365 2328 424 2379 τῶν
450 2315 643 2398 ὀμοιωμάτων
676 2318 774 2380 αὐτῶν
802 2317 834 2379 ἐν
866 2319 992 2399 σανίσιν,
1021 2317 1205 2399 ἠνέχθησαν,

191 2415 241 2476 καὶ
267 2416 452 2494 θεασάμενος
479 2414 495 2477 ὅ
523 2416 660 2496 βασιλεὺς
686 2414 826 2498 ἀνέκραξε
854 2425 941 2500 φωνῇ
966 2416 1076 2501 μεγάλη
1099 2415 1203 2498 λέγων·

192 2505 277 2574 οὗτοί
301 2512 375 2573 εἰσιν
393 2511 524 2591 ἀληθοῦς
552 2515 583 2573 οἱ
607 2508 671 2574 κατ’
693 2513 766 2594 ἀναρ
789 2511 935 2591 ὀφθέντες
963 2536 1013 2593 μοι
1037 2513 1087 2575 καί
1109 2536 1203 2596 παρα-

265 2707 278 2754 1
300 2701 375 2772 αὐτῷ
394 2718 444 2756 om.
459 2700 517 2755 RV.
534 2733 566 2742 -
587 2707 602 2754 2
621 2701 649 2756 οἱ
669 2701 870 2766 ἀποσταλέντες
882 2702 934 2757 AV
947 2719 998 2758 ουι.
1013 2704 1044 2757 Β.
1060 2735 1093 2743 -
1114 2710 1129 2756 2
1148 2704 1202 2759 ἀπὸ

192 2775 264 2826 θεοῦ
283 2772 330 2825 ΑΡ
353 2772 409 2827 ῦπὸ
427 2780 477 2826 τοῦ
496 2776 567 2827 θεοῦ
587 2771 718 2827 ΟΕΙίΙιΝ
740 2773 819 2843 παρὰ
839 2783 889 2828 τοῦ
906 2777 978 2829 θεοῦ
996 2774 1048 2828 RV
1070 2775 1128 2829 άπὸ
1146 2795 1202 2847 χρι-

193 2851 259 2898 στοῦ
277 2843 308 2896 Β,
334 2876 366 2884 -
392 2839 511 2914 θῦγίαν
531 2843 615 2898 OFM.
640 2877 676 2885 -
699 2851 715 2899 5
735 2843 894 2919 σίλβεστρον
917 2845 1046 2916 (στικτὸν
1070 2845 1161 2916 άγιον)
1177 2847 1203 2900 R

193 2912 352 2988 σίλβεστρόν
369 2934 433 2970 τινα
452 2913 601 2985 λεγόμενον
619 2915 651 2970 V.
671 2947 707 2958 —
726 2913 875 2985 σεραπείου
892 2917 925 2970 A.
945 2948 979 2956 -
999 2923 1014 2970 6
1033 2936 1062 2971 τε
1081 2934 1131 2972 om.
1146 2917 1201 2972 RV.

194 3019 227 3026 -
248 2993 262 3040 λ
282 2985 365 3058 ῦγίαν
381 2985 427 3041 CF
444 2993 469 3042 et
482 3004 551 3042 rece.
568 2987 692 3056 quidam.
707 3020 741 3028 -
762 2994 795 3042 10
814 2988 890 3060 αὐτῷ
900 2987 984 3042 BFN.
1002 3020 1037 3028 -
1058 2990 1090 3041 1‘1
1106 2989 1202 3060 φησιν]

194 3059 248 3127 ἐφη
267 3058 289 3111 F
309 3059 358 3113 καί
372 3058 404 3113 V.
425 3091 458 3098 -
479 3065 512 3112 20
531 3060 691 3130 ἐπενεγκεῖν
705 3059 783 3114 CER
802 3057 913 3128 ἐνέγκαι
926 3059 959 3113 V.
980 3091 1013 3100 -
1033 3065 1065 3112 21
1081 3057 1200 3131 ἠνέχθη-

194 3146 248 3183 σαν
271 3127 309 3254 θέὶ.
343 3130 392 3184 καί
409 3131 534 3254 &Eam
563 3131 612 3184 καί
630 3127 802 3202 ἠνέχθησαν.
831 3133 912 3184 θεασ.
931 3129 963 3185 δέ
981 3130 1007 3183 V
1034 3127 1200 3201 ἠνέχθησαν.

194 3199 243 3262 οῦς
261 3221 297 3254 κα
327 3204 407 3255 θεασ.
447 3245 451 3254 .

268 3382 353 3430 8-11
373 3377 479 3448 ἡμέρας
496 3380 527 3433 δέ
546 3398 602 3450 γεν.
617 3379 729 3433 καὶτὸν
743 3382 826 3433 θεῖον
840 3376 999 3450 σίλβεστρον
1018 3379 1086 3449 μετὰ
1103 3381 1201 3448 πολλῆς

196 3457 276 3518 τιμῆς
294 3447 449 3520 ἀγαγόντος
468 3449 498 3504 ἐν
511 3454 549 3522 τῷ
559 3453 622 3504 παλ.
637 3458 747 3518 πρῶτος
765 3449 850 3513 αῦτὸς
866 3451 990 3512 ἀναστάς
1002 3448 1201 3520 προσηγόρευσε

196 3519 318 3590 λέγωνΡ
337 3519 470 3588 (ἀναστὰς
487 3529 595 3588 πρῶτος
609 3522 691 3574 etiam
705 3520 790 3590 Vita).
807 3553 838 3560 -
860 3528 893 3575 14
910 3521 1098 3592 καλουμένους
1111 3539 1159 3576 om.
1172 3522 1199 3576 P.

195 3623 231 3630 -—
250 3597 283 3644 21
303 3589 465 3660 ἠνέχθησαν
484 3607 533 3645 om.
549 3591 578 3644 P.
