2617 3909
521 225 709 274 XPONIKoN
1064 221 1127 284 795

104 374 216 456 όφρων
244 372 294 433 καί
320 373 375 452 τὴν
403 373 723 433 Κωνσταντινούπολιν
755 376 866 448 μᾶλλον
899 369 931 431 δὲ
964 371 1128 432 Θεούπολιν

103 467 159 549 ἐφ’
185 471 239 533 ἕνα
265 470 373 552 χρόνον
401 469 592 549 ἐκπορθύσας
619 469 669 530 καί
696 470 751 548 τὴν
782 465 906 554 Θρηίκην
934 469 1052 552 δῃώσας
1079 467 1129 529 καί

103 569 368 652 λαφυραγωγήσας
391 569 513 650 μετρίως
541 567 590 628 καί
618 568 672 648 οὐχ
697 565 737 640 ώς
761 565 960 647 ὀνειροπολῶν
982 565 1129 646 ἀπεκαρα-

105 668 207 748 δόκει,
230 661 292 728 ἀλλ’
315 666 355 741 ῶς
378 664 397 745 ἡ
421 668 491 727 θεία
514 666 685 746 προμήθεια
709 666 866 747 συνεχώρει
889 664 939 726 διὰ
961 664 1013 738 τὰς
1036 662 1128 746 ἆμαρ-

105 767 174 839 τίας
194 763 290 844 ἡμῶν,
314 763 402 826 ούδέν
421 762 511 824 πλέον
529 761 640 842 ἤνυσεν
662 756 704 824 ὧν
723 763 949 845 προσεδόκησεν.
986 762 1036 823 καλ
1055 771 1129 844 γοῦν
1158 783 1170 821 5
1240 804 1244 812 ι

106 864 147 924 ού
172 865 266 943 μόνον
289 864 331 937 εἰς
353 863 527 924 ἐναντίωσιν
555 862 634 944 αύτῷ
658 861 794 942 περιέστη
822 861 872 922 καλ
899 861 1077 942 περιετράπη
1101 883 1130 921 τε

108 961 163 1023 καί
181 961 297 1041 ἀπέσβη
315 961 348 1021 τὸ
368 960 621 1038 σπουδαζόμενον,
640 959 714 1020 ἀλλά
731 984 763 1041 γε
782 960 832 1020 καί
851 961 922 1041 ὅπερ
942 960 1017 1040 ἔχειν
1036 959 1131 1020 ἐδόκει
1172 1015 1174 1020 .

107 1060 162 1121 καί
184 1060 416 1137 πατεφαντύζετο
440 1057 523 1131 κλέος
546 1081 574 1118 τε
597 1057 647 1118 καί
666 1057 775 1132 σθένος
799 1057 1004 1139 ἀπεγυμνώθη
1024 1065 1131 1136 μικροῦ

109 1160 176 1219 δεῖν
207 1158 258 1219 καί
290 1158 438 1219 διόλωλεν.
485 1158 517 1217 οί
544 1157 600 1237 γύρ
627 1179 673 1217 τοι
705 1162 821 1216 πολῖται
852 1158 995 1237 γενναίως
1022 1178 1052 1217 τε
1082 1155 1131 1215 καὶ

110 1259 253 1338 σφοδρῶς
284 1253 600 1334 ἀντιπαραταττόμενοι
632 1264 667 1339 τῇ
697 1255 775 1338 ῥοπῇ
811 1255 860 1314 καὶ
892 1256 1042 1338 συμμαχία
1078 1262 1172 1314 τοῦτο

109 1356 292 1433 κρείττονος,
324 1353 373 1413 καί
402 1353 472 1431 μετὰ
500 1353 638 1431 τοιαύτης
670 1352 788 1425 ἐλπίδος
815 1361 1053 1432 τειχομαχοῦντες
1082 1351 1132 1412 καὶ

111 1462 333 1533 ναυμαχοῦντες
361 1451 411 1512 καὶ
439 1450 538 1529 μέντοι
567 1450 617 1511 καί
644 1453 876 1530 πεζομαχοῦντες
903 1449 1051 1531 ἀνδρικῶς
1083 1449 1133 1510 καὶ

110 1561 270 1633 καρτερῶς,
289 1551 369 1609 ἅπαν
388 1548 481 1610 αύτοῦ
501 1549 604 1628 σχεδόν
620 1548 652 1608 τὸ
667 1548 783 1629 σαθρὸν
803 1549 945 1630 φρύαγμα
963 1548 1133 1610 κατέλυσαν.

112 1650 148 1709 τὰ
171 1648 228 1729 γὰρ
252 1646 436 1730 ὀχυρώματα,
460 1642 509 1724 ἐφ’
531 1645 552 1706 δι
574 1645 730 1719 πεποιθώς
752 1645 886 1724 όινούτως
909 1645 985 1729 όίγαν
1007 1647 1133 1726 ἐναβρύ-

113 1769 180 1807 νετο
204 1745 254 1807 καί
277 1746 529 1827 κατεθρασύνετο,
553 1744 626 1827 λέγω
650 1744 688 1823 δὴ
712 1744 763 1818 τὰς
786 1747 920 1817 πλείστας
943 1754 1032 1824 ναῦς,
1057 1764 1180 1828 παρ-μ

113 1845 296 1922 πιλήσαντες
315 1843 364 1904 καί
384 1844 453 1916 τοὺς
472 1844 599 1925 λογύδας
618 1853 676 1904 τῶν
690 1845 838 1922 πολεμίων
856 1843 906 1904 καὶ
921 1844 1133 1923 στρατοπεδάρ-

113 1967 167 2024 χας
188 1943 423 2022 τροπωσύμενοι,
448 1943 617 2003 σκοτοδινία
639 1941 734 2020 πολλὴ
758 1941 808 2002 καί
831 1940 981 2021 ἀμηχανία
1004 1928 1134 2022 περιέσχε

114 2041 167 2102 τόν
185 2040 354 2120 εύρίπιστον
377 2039 427 2100 καλ
446 2040 644 2117 κουφότατον,
667 2039 717 2099 ναὶ
737 2041 797 2119 μὴν
819 2038 870 2099 καλ
893 2039 944 2113 τὰς
962 2041 1133 2119 πολυμηχύ-

115 2162 188 2211 νους
217 2137 267 2198 καί
294 2137 487 2217 πολυτρόπως
515 2135 711 2216 ἐξευρημένας
743 2136 887 2210 έλεπόλεις
919 2137 1011 2198 αὐτοῦ
1039 2137 1134 2210 πόσας

115 2236 360 2315 όικαταμαχήτους
383 2232 475 2308 ούσας
498 2234 548 2294 καλ
568 2234 768 2313 δυσαλώτους,
792 2233 832 2308 ὡς
854 2233 934 2318 ᾤετο,
958 2233 1135 2315 διέφθειραν
1150 2256 1175 2293 ιο

116 2333 166 2395 καί
185 2332 347 2395 κατέλυσαν
366 2332 494 2405 εύπετῶς
512 2330 616 2411 όίρδην.
653 2333 704 2393 καί
722 2334 816 2406 οὕτως
831 2330 846 2392 δ
862 2331 915 2410 μέν
930 2328 1012 2406 οἶκος
1026 2335 1134 2410 Δαυίδ,
1151 2355 1191 2394 ωε
1205 2353 1236 2392 Μ.

117 2433 183 2512 η”τοι
206 2438 338 2512 Χριστοῦ
360 2432 455 2509 πόλις,
481 2431 634 2511 ἐπορεύετο
658 2430 708 2492 καὶ
731 2432 934 2511 ἐκραταιοῦτο,
958 2429 975 2493 ό
999 2429 1031 2492 δέ
1054 2425 1136 2502 οἶκος

118 2532 231 2610 Σαούλ,
254 2541 314 2591 τῶν
336 2530 485 2607 πολεμίων
509 2528 540 2589 τό
564 2535 680 2607 στῖφος,
703 2528 856 2609 ἐπορεύετο
880 2528 930 2589 καί
953 2527 1077 2608 ἠσθένει
1100 2535 1139 2610 τῷ

118 2627 191 2708 όντι,
215 2628 265 2689 καὶ
287 2627 360 2700 θεὸς
383 2627 548 2705 ἐδοξάζετο,
576 2625 625 2686 καὶ
653 2619 693 2704 ἦν
717 2626 791 2686 ι’δεῖν
814 2625 945 2708 ἐναργῶς
971 2623 1064 2698 όντως
1088 2620 1134 2686 ἐπ’

118 2727 196 2810 αύτῷ
220 2727 427 2806 πληρούμενον
454 2723 504 2785 καί
531 2725 564 2785 τὸ
591 2725 720 2806 θάτερον
748 2723 828 2805 ἱερὸν
856 2724 968 2803 λόγιον·
1000 2729 1136 2796 καθεῖλες
1152 2745 1177 2785 τε

190 2904 222 2951 21
244 2905 267 2950 ⁶2.
283 2898 373 2966 Raegg.
389 2904 414 2965 3,
430 2903 453 2950 1.
474 2929 506 2936 -
527 2903 561 2950 25
579 2895 682 2948 Psalm.
699 2901 732 2948 88
748 2899 812 2964 (89),
827 2901 859 2948 41
871 2913 925 2962 εηρ.

191 3047 207 3093 2
231 3042 341 3108 δηώσας
363 3039 415 3092 AV
443 3040 547 3102 διώσας
573 3038 632 3092 rell.
663 3070 695 3077 -
725 3044 741 3090 5
765 3039 976 3108 προσεχώρησεν
1000 3038 1024 3089 A
1052 3055 1138 3105 προο-

125 3110 215 3166 εδόκει
234 3111 261 3164 N
284 3112 330 3166 ετό
349 3128 399 3165 om.
415 3116 484 3164 5-7
507 3112 556 3163 καλ
574 3107 798 3178 γοῦν-ἐδόκει.
823 3141 856 3148 -
881 3115 897 3162 6
916 3107 1043 3178 περιέστη
1062 3107 1139 3162 AGL

121 3182 244 3252 παρέστη
259 3181 343 3236 GRV.
360 3215 392 3221 -
413 3188 428 3234 ‘1
448 3181 517 3249 ὅπερ
533 3180 634 3250 ίδόκην
649 3182 705 3250 ἔχει
718 3180 750 3233 A.
767 3212 800 3219 —
819 3187 850 3233 11
867 3181 915 3234 καὶ
932 3189 1140 3250 ναυμαχοῦντες

124 3256 171 3308 καὶ
193 3254 289 3324 μέντοι
312 3271 362 3307 om.
382 3253 416 3306 N.
442 3286 474 3292 -
501 3259 533 3306 12
552 3253 601 3307 καλ
619 3260 684 3322 post
706 3249 801 3320 μέντοι
824 3268 874 3306 om.
893 3251 926 3304 A.
950 3283 985 3291 -
1010 3257 1042 3305 13
1062 3251 1139 3305 ἅπαν

123 3327 208 3380 αὐτοῦ
229 3325 330 3397 σχεδὸν
348 3325 379 3378 τὸ
399 3342 422 3378 σ.
440 3325 575 3394 φρύαγμα
594 3323 675 3376 ADG
686 3323 751 3376 Exc.
767 3324 803 3376 de
816 3323 868 3375 ins.
893 3322 971 3378 ύπαν
989 3324 1048 3376 αῦτ.
1064 3324 1095 3376 τὸ
1116 3341 1138 3375 σ.

125 3417 170 3466 φρ.
186 3399 285 3468 σχεδόν
300 3396 329 3449 Μ
348 3397 396 3450 ἅπ.
412 3413 451 3467 σχ.
467 3396 499 3450 τό
514 3413 536 3448 σ.
553 3398 612 3448 αύτ.
629 3395 765 3464 φρύαγμα
780 3393 837 3446 RV.
850 3426 882 3434 -
899 3399 931 3446 15
946 3391 1076 3456 πλείστας
1089 3393 1140 3445 AV

123 3465 266 3529 πλείστους
283 3468 343 3521 rell.
361 3499 391 3507 -
414 3472 448 3521 18
466 3467 681 3537 πολυμηχύνους
697 3467 784 3519 αὐτοῦ
799 3468 860 3521 (σοι.
876 3466 962 3519 αὐτοῦ
981 3483 1005 3519 υ.
1022 3465 1138 3588 ῙΘχΒΥ.

124 3571 156 3580 -
176 3545 209 3592 19
228 3538 409 3607 πολυτρόπως
427 3536 474 3591 CL
498 3536 692 3606 πολυτρόπους
710 3536 770 3591 rell.
789 3569 824 3576 -
844 3542 878 3590 20
897 3538 945 3590 καὶ
964 3535 1050 3590 ονιῦ
1085 3569 1140 3589 .-

126 3617 161 3664 23
180 3608 332 3679 πολεμίους
352 3612 453 3665 desinit
470 3612 527 3664 eod.
544 3609 574 3664 G.
602 3643 627 3648 -
648 3616 682 3663 25
702 3610 750 3663 καὶ
769 3626 818 3664 om.
835 3608 917 3662 CLN.
