2617 3909
198 241 264 304 444
512 244 699 295 ΓΕΩΡΓΙΟΤ
716 244 899 296 mmor

197 400 250 470 τῆς
263 390 371 453 ἑαυτοῦ
393 391 544 473 γυναικός.
586 390 636 452 καί
655 392 733 453 οὕτω
751 392 888 473 διάδοχος
905 400 958 453 τοῦ
976 389 1109 469 ἀδελφοῦ
1125 391 1222 472 γενό-

198 510 285 568 μενος
307 490 343 551 οὐ
366 488 422 568 τὴν
444 488 590 570 πατρικήν
612 512 642 550 τε
664 487 714 550 καί
736 488 902 569 ἀδελφικὴν
923 488 1067 568 ἐζήλωσεν
1088 488 1223 570 άριστον

196 588 355 666 πολιτείαν,
377 585 449 647 ἀλλά
471 585 527 665 τὴν
548 588 686 669 Τιβερίου
707 585 758 648 καί
780 586 921 670 Νέρωνος
943 585 1158 668 ἀνοσιουργίαν
1183 586 1223 648 ἐκ
1299 627 1300 658 ;

196 684 361 765 διαμέτρου.
393 682 443 745 καί
461 684 499 765 δὴ
518 695 579 746 πᾶν
596 678 676 758 είθος
693 687 799 759 κακίας
815 684 952 748 ἐπελθὼν
968 683 1019 746 καί
1034 686 1224 764 μιαιφονίας

171 803 227 844 ττε
249 780 299 843 καί
321 784 554 862 χυναικομανίας
576 782 637 863 άμα
661 782 712 844 καί
733 782 936 866 ἀνδρομανίας
957 781 1103 856 ἀνάπλεος
1122 784 1222 863 χενό-
1299 789 1300 816 ³

196 902 284 959 μενος
315 878 420 941 ἑαυτὸν
452 877 468 940 ό
499 876 591 953 ἀθεος
621 885 787 942 τελευταῖον
815 879 994 943 ἀπεθίωσεν.
1043 879 1223 942 κάντεῦθεν

196 969 252 1039 οὖν
279 977 416 1057 ἔχθιστον
442 977 533 1039 ἅπασι
560 976 610 1038 καί
637 976 807 1059 ἀπόβλητον
829 978 879 1040 διὰ
901 978 933 1041 τὸ
955 980 1085 1057 φονικόν
1106 1000 1136 1040 τε
1162 978 1221 1044 καὶ
1300 1045 1301 1064 3

195 1076 344 1155 θηριῶδες
375 1084 428 1155 τῆς
460 1085 567 1158 μιαρᾶς
597 1076 718 1157 γνώμης
749 1076 855 1138 εἀυτὸν
884 1074 900 1137 ό
927 1078 1015 1150 τάλας
1045 1075 1220 1155 ἀποφήνας

196 1172 313 1247 εἰκότως
337 1174 414 1253 μάλα
436 1172 472 1234 τά
494 1173 624 1255 ἐπίχειρα
645 1183 699 1253 τῆς
720 1174 831 1248 οίκείας
853 1175 1026 1253 δυσμενείας
1047 1174 1219 1254 κομισάμε-

156 1292 182 1332 το
195 1294 248 1345 νος
274 1272 410 1358 αἰσχίστῳ
438 1271 519 1356 μόρῳ
546 1272 599 1334 τόν
624 1272 759 1353 μυσαρὸν
785 1270 835 1333 καί
861 1270 990 1352 βέβηλον
1015 1270 1221 1352 καταστρέφει

194 1370 272 1449 βίον,
296 1367 336 1443 ὡς
358 1371 478 1451 εἴρηται.

258 1460 328 1545 Ἐφ’
350 1461 386 1529 οὗ
408 1468 554 1546 Τιμόθεος
577 1464 593 1527 ό
616 1466 778 1541 ἀπόστολος
799 1466 850 1528 καί
864 1462 1021 1546 Ὀνήσιμος
1043 1466 1217 1549 ἐμαρτύρη-

195 1582 261 1644 σαν,
284 1564 335 1625 καί
354 1559 495 1643 Ἰωάννης
516 1564 532 1627 ὁ
554 1564 759 1645 εὐαχχελιστής
776 1564 810 1626 ἐν
827 1565 941 1650 Πάτμῳ
958 1573 994 1649 τῇ
1012 1564 1095 1648 νήσῳ
1112 1563 1218 1646 ἐξορί-

195 1665 285 1741 ζεται,
312 1660 363 1722 καί
387 1656 583 1736 Ἀπολλώνιος
611 1658 627 1721 ό
653 1662 786 1736 Τυανεὺς
811 1662 979 1744 ἕχνωρίζετο
1006 1663 1219 1743 περιπολεύων
1301 1711 1302 1750 χ

155 1779 180 1820 1ο
194 1758 245 1820 καί
276 1769 426 1839 πανταχοῦ
455 1769 550 1821 ποιῶν
577 1759 619 1832 εἰς
645 1759 698 1833 τὰς
724 1760 823 1833 πόλεις
848 1758 899 1821 καί
924 1759 1021 1841 χώρας
1047 1761 1218 1839 θαιμονικά
1301 1755 1302 1760 ¹

195 1854 417 1937 ἀποτελέσματα.
467 1856 526 1918 ἀπὸ
551 1850 662 1937 Ῥώμης
689 1855 722 1919 δὲ
752 1857 852 1919 ἐλθὼν
881 1856 956 1939 πρὸς
983 1856 1016 1918 τὸ
1041 1858 1217 1931 Βυζάντιον

195 1954 245 2016 καί
268 1953 469 2039 παρακληθείς
492 1954 551 2018 ὑπὸ
570 1964 629 2016 τῶν
646 1953 791 2016 ἐντοπίων
809 1953 928 2033 ἐποίησε
945 1963 1035 2015 ταῦτα
1054 1955 1215 2036 φυγαδεύ-

95 2066 135 2106 334
148 2064 180 2104 M·
195 2071 250 2128 σας
275 2053 308 2116 τό
334 2058 453 2133 πλῆθος
480 2063 539 2114 τῶν
567 2050 667 2131 όφεων
692 2051 742 2113 καὶ
769 2053 919 2134 σκορπίων
944 2051 978 2113 ἐκ
1004 2061 1057 2130 τῆς
1083 2052 1217 2135 πόλεως,

192 2151 266 2214 ὥστε
293 2151 334 2231 μὴ
362 2149 532 2213 ἀδικεῖσθαι
558 2144 611 2211 ὑπ’
632 2150 731 2212 αὐτῶν
757 2149 827 2223 τοὺς
849 2148 1046 2230 ἀνθρώπους,
1072 2148 1216 2213 καὶτῶν
1302 2163 1303 2240 J

154 2271 180 2311 ιο
193 2250 294 2312 ἵππων
316 2250 372 2329 τὴν
394 2247 516 2324 ἀταξίαν
537 2249 701 2329 χαλινώσας
722 2246 755 2309 ἐν
776 2253 841 2320 ταῖς
863 2248 1048 2309 συνελεύσεσι
1070 2257 1130 2309 τῶν
1152 2247 1214 2331 ἀρ-

193 2346 314 2427 χόντων.
368 2344 507 2421 ὡσαύτως
539 2342 571 2407 δὲ
606 2344 656 2407 καί
688 2346 730 2418 είς
759 2341 936 2425 Ἀντιόχειαν
967 2345 1214 2426 παραγενόμενος

266 2514 299 2562 12
318 2510 353 2576 cs.
367 2508 423 2563 Leo
438 2508 559 2562 Gramm.
572 2525 600 2577 μ.
615 2512 659 2575 65,
674 2514 715 2562 14.
735 2539 769 2547 -
790 2514 894 2576 14-1).
909 2513 970 2575 445,
986 2512 1018 2559 11
1033 2509 1068 2576 cs.
1084 2507 1213 2564 Mamas

190 2598 219 2649 p.
236 2585 297 2647 τοι,
312 2585 345 2633 18
363 2579 419 2634 Leo
438 2577 483 2633 Gr.
495 2596 524 2648 p.
541 2584 583 2646 οι,
599 2584 640 2632 ιο.
1194 2584 1200 2595 ·

267 2711 281 2759 1
300 2710 348 2773 τῆς
362 2704 449 2757 αὑτοῦ
462 2700 596 2774 γυναικός
608 2702 638 2755 Μ
655 2708 705 2769 τῆς
718 2702 851 2772 γυναικὸς
864 2703 950 2756 αὐτοῦ
964 2702 996 2755 A.
1011 2734 1046 2742 —
1066 2708 1090 2755 2.
1099 2707 1115 2755 3
1125 2708 1211 2759 πολι-

193 2773 272 2831 τείαν
294 2774 451 2843 άριστουΑ
475 2773 589 2841 ἀριστον
611 2790 662 2827 ουτ.
681 2772 713 2825 Β.
738 2805 771 2813 -
799 2772 979 2835 όάνάπλεως
996 2772 1077 2827 BRV
1086 2774 1152 2829 Exo.
1178 2796 1210 2830 τε

194 2845 333 2908 ἀνάπλεος
347 2844 424 2900 GEF
442 2864 471 2899 τε
486 2845 600 2914 ἔμπλεος
613 2846 675 2913 (-ιος
688 2843 723 2913 D)
738 2844 771 2897 N.
787 2876 819 2884 —
841 2850 873 2897 13
893 2843 908 2898 ὁ
923 2845 1115 2915 εόαχχελιστὴς
1128 2845 1212 2900 ΑΒΡ

192 2918 249 2973 Leo
273 2919 288 2972 ὁ
305 2915 442 2987 θεολόχος
459 2916 507 2970 καί
525 2914 716 2986 εὐαχχελιστὴς
733 2912 793 2969 rell.

264 3058 281 3106 8
300 3051 315 3106 ό
329 3050 415 3112 τάλας
433 3067 483 3105 ουτ.
497 3049 527 3105 P.
544 3080 577 3089 -
596 3055 612 3103 9
630 3049 666 3103 τά
681 3046 795 3120 πίχειρα
808 3048 839 3102 Ρ.
854 3080 889 3088 -
904 3054 937 3103 10
951 3046 1137 3118 καταστρέφει
1156 3052 1210 3105 καί

193 3122 310 3196 βέβηλον
328 3122 357 3175 Ρ.
377 3154 412 3161 -
432 3127 502 3190 lbsq
522 3164 526 3173 .
545 3121 585 3175 είο
602 3122 635 3174 in
651 3120 695 3174 P.:
715 3121 764 3173 καί
799 3118 1048 3188 ἀραςτελέσματα,
1066 3121 1210 3189 καὶπρὸς

192 3196 224 3250 τό
244 3193 391 3266 βυζάντιον
414 3193 471 3246 ἀπὸ
490 3138 583 3261 όάόμης
605 3191 697 3247 ἐλθὼν
720 3140 850 3260 ἐποίάμεν
873 3189 932 3245 ἐκεῖ
947 3189 1035 3245 πολλὰ
1052 3190 1208 3260 τελέσματα

191 3264 386 3333 παρακληθείς
403 3264 458 3318 ὑπὸ
477 3272 533 3318 τῶν
551 3260 714 3333 βυζαντίιον,
733 3260 801 3315 ὥστε
815 3262 1028 3331 φυχαδεόεσθαι
1041 3263 1073 3316 τὸ
1087 3265 1132 3316 πλ.
1148 3273 1209 3317 τῶν

194 3335 240 3405 όφ.
254 3337 303 3391 καί
319 3353 360 3389 στι.
377 3335 406 3390 ἐκ
419 3354 442 3389 τ.
457 3332 518 3389 πόλ.
533 3334 581 3387 καί
595 3333 682 3402 μηδὲν
696 3329 747 3386 ὑπ’
763 3333 857 3387 αὐτῶν
869 3331 1122 3404 παραβλάπτεσθαι
1137 3334 1208 3403 μήτε

193 3408 247 3477 μὴν
265 3406 321 3461 ὑπό
337 3413 386 3474 τῆς
398 3409 500 3475 πολλῆς
514 3401 630 3470 ἀταξίας
645 3413 701 3458 τῶν
714 3402 809 3458 ἵππων
822 3402 1083 3472 συναθροιζομένων
1098 3405 1129 3459 ἐν
1142 3414 1209 3470 ταῖς

193 3481 281 3534 συνελ.
296 3486 352 3532 τῶν
366 3479 403 3545 ἀρ
422 3519 427 3529 .
443 3476 474 3531 ἐν
487 3480 526 3549 τῷ
535 3472 668 3546 παλατίῳ.
682 3506 715 3514 -
730 3480 827 3543 '21-11.
838 3480 924 3542 445,1
939 3494 1074 3543 παραχεν.
1090 3474 1208 3545 ἐποίησε

192 3549 371 3619 δυσωπηθείς
389 3499 429 3610 είς
446 3568 475 3602 τε
493 3547 559 3609 τοὺς
576 3542 727 3612 σκορπίους
748 3546 796 3599 καί
813 3547 879 3609 τοὺς
896 3544 1027 3609 κόνωπας
1043 3546 1206 3616 τελέσματα.

191 3621 411 3690 τυραννούμενοι
428 3618 482 3689 χάρ
501 3617 531 3672 Ρ.
