2617 3909
526 245 716 298 xponnzon
1061 241 1127 309 649

2 438 4 469 ξ
105 395 173 487 ὅσα
194 392 232 455 ἀν
259 388 405 478 άμάρτης,
433 390 490 453 κάν
517 393 664 472 μηδεμίαν
691 393 780 471 δίκην
808 393 864 476 δῷς
891 391 1037 468 ἐνταῦθα,
1069 392 1132 454 έκεῖ

2 514 5 543 ι
106 492 209 553 Ιπάντα
235 488 439 573 χαλεπωτέρως
466 488 592 574 ἀποτίση
619 489 670 551 καί
697 490 881 574 κολασθήση.
926 490 977 552 διά
1004 491 1045 564 τίς
1083 490 1128 551 ότι

109 590 247 662 πλείονος
273 587 486 668 ἀπηλαύσαμεν
513 588 637 669 χάριτος.
689 588 760 650 όταν
790 585 822 649 δὲ
853 587 903 650 καί
929 590 1051 650 πλείονα
1077 586 1127 649 καὶ

110 687 230 766 μείζονα
256 689 405 766 πταίωμεν
434 685 570 765 ἐκείνων,
602 685 691 758 ποίας
722 686 900 767 συγγνώμης
931 687 1064 767 τύχωμεν
1094 685 1126 747 έκ

107 784 267 866 προγόνων
303 783 340 845 τά
373 783 546 865 σωτηριύδη
583 783 802 864 παραλαβόντες
837 784 1015 865 διδάγματα,
1052 784 1126 864 άπερ
1154 802 1167 842 ε

106 881 218 943 ’έκεῖνοι
240 886 389 955 παντελῶς
407 879 474 943 ούτε
494 879 629 960 ἥκουσαν
647 878 715 943 ούτε
732 881 859 960 ἔμαθον,
881 881 953 943 ὥστε
972 881 1023 943 διὰ
1040 890 1126 943 τοῦτο
1173 902 1176 905 ·

109 979 251 1059 μειζόνως
282 978 550 1058 κολασθησόμεθα,
584 976 640 1038 κάν
672 1000 701 1039 τε
734 978 842 1059 μικρὰν
873 980 962 1058 δίκην
993 978 1127 1041 ἐνταῦθα

109 1078 224 1157 δῶμεν,
251 1075 307 1137 κάν
334 1099 363 1137 τε
391 1076 431 1155 μη
459 1077 565 1155 δῶμεν.
610 1075 725 1138 ούκοῦν
747 1075 851 1155 μηδείς
873 1075 952 1158 δρῶν
974 1075 1127 1157 πονηρούς

106 1174 332 1256 εύπραγοῢντας
354 1173 556 1253 θορνβείσθω.
600 1172 638 1235 ού
660 1174 717 1255 γάρ
740 1173 818 1236 ἔστιν
840 1174 974 1235 ἐνταῦθα
995 1172 1015 1253 ἡ
1038 1173 1127 1235 ἀντα-

107 1272 234 1345 πόδοσις
261 1269 328 1333 ούτε
359 1279 412 1350 τῆς
439 1268 543 1351 ἀρετῆς
571 1269 638 1332 ούτε
670 1282 723 1352 τῆς
749 1273 903 1354 πονηρίας.
953 1272 981 1333 εἰ
1007 1271 1040 1333 δέ
1066 1294 1126 1333 πον
1140 1289 1167 1329 ιο

110 1368 162 1431 καί
188 1371 299 1450 γίνεται
326 1377 379 1446 τῆς
406 1365 511 1448 ἀρετῆς
538 1366 588 1429 καί
615 1376 669 1448 τῆς
696 1370 855 1451 πονηρίας,
882 1365 946 1430 ἀλλ’
967 1368 1033 1451 ούχί
1060 1364 1124 1431 κατ’

109 1466 214 1545 ἀξίαν,
240 1460 303 1526 ἀλλ’
324 1462 425 1538 ἀπλῶς
456 1462 563 1527 ὡσανεί
589 1475 685 1547 γεῦμα
710 1475 764 1546 τῆς
791 1467 927 1548 κρίσεως,
957 1467 1008 1528 ἴνα
1035 1467 1067 1529 οί
1090 1475 1126 1551 τῇ
1141 1484 1227 1525 σωκ.

110 1563 270 1625 ἀναστάσει
297 1565 518 1637 διαπιστοῦντες
540 1568 601 1637 τοῖς
623 1574 699 1644 γοῦν
724 1563 859 1626 ἐνταῦθα
885 1566 1127 1646 σωφρονίζονται.

108 1662 184 1724 όταν
206 1654 263 1723 σύν
286 1661 418 1746 εύπραγῇ
442 1660 459 1723 ὁ
482 1660 628 1741 πονηρός,
655 1661 705 1723 έπλ
726 1668 807 1747 ιωικῷ
829 1672 884 1743 τῆς
905 1662 1012 1725 ἑαυτοῦ
1034 1684 1128 1741 κεφα-

111 1765 179 1838 λῆς·
207 1760 257 1821 ἴνα
284 1758 339 1841 γὰρ
367 1751 411 1819 ὧν
437 1758 561 1842 ἔπραξεν
587 1760 658 1832 ἴσως
679 1758 806 1841 ἀγαθῶν
827 1760 883 1841 την
905 1759 1057 1822 ἀντίδοσιν
1079 1760 1127 1822 έν·
1141 1779 1168 1819 ιτ

109 1864 212 1918 ταύθα
234 1856 334 1937 λαβὼν
357 1856 421 1919 ἐκεῖ
437 1857 542 1920 λοιπὸν
561 1856 659 1919 τέλεον
680 1859 844 1937 κολάζηται.
886 1858 956 1919 ὅταν
980 1856 1012 1919 δὲ
1030 1858 1127 1941 πάσχη

111 1953 128 2016 δ
147 1954 272 2037 ἀγαθός,
295 1957 439 2036 μακάριος
457 1954 550 2027 όντως
568 1955 660 2017 έστίν·
684 1955 735 2016 ἴνα
752 1955 808 2037 γὰρ
826 1954 1014 2034 ἀποθέμενος
1030 1956 1128 2017 πάντα

110 2052 161 2115 καί
183 2053 218 2114 τὰ
241 2053 331 2135 μικρά
353 2052 546 2135 ἁμαρτήματα
569 2052 727 2131 εὐδόκιμος
749 2052 800 2113 καί
822 2052 957 2133 καθαρός
979 2050 1054 2135 ἀπίη
1077 2050 1128 2112 καί

110 2150 291 2225 ἀνεύθυνος.
332 2150 396 2212 ἐκεῖ
414 2151 469 2231 γάρ
487 2151 563 2211 εἰσιν
582 2150 614 2211 οί
633 2148 736 2210 τέλειοι
758 2148 900 2228 στέφανοι
921 2159 980 2209 τῶν
1003 2148 1129 2230 ἀγαθῶν
1245 2135 1248 2143 ’

110 2248 162 2310 καί
185 2248 249 2310 έκεῖ
267 2249 301 2309 αἱ
321 2246 516 2329 σφοδροτέραι
538 2246 588 2307 καί
615 2244 775 2327 ἀπέραντοι
797 2247 931 2319 κολάσεις
952 2255 1012 2306 τῶν
1033 2267 1128 2325 πονη-
1142 2265 1169 2306 το

111 2355 183 2427 ρῶν.
223 2344 274 2406 καί
292 2344 389 2426 ὥσπερ
410 2342 427 2405 δ
445 2344 596 2423 σηπεδόνα
618 2345 703 2425 ἔχων,
726 2342 783 2405 κάν
802 2343 843 2423 μὴ
861 2342 1010 2424 τέμνηται,
1032 2341 1128 2425 ἀρρω-

111 2448 177 2505 στεῖ
199 2442 249 2504 καί
276 2441 338 2504 τότε
366 2442 476 2522 μᾶλλόν
504 2441 582 2504 ἔστιν
609 2441 642 2519 έν
667 2448 784 2522 κακοῖς,
811 2442 883 2503 όταν
911 2441 952 2520 μὴ
980 2440 1128 2521 τέμνηται,

111 2542 190 2603 οὕτω
217 2540 267 2601 καί
295 2539 311 2602 δ
335 2538 527 2622 ἁμαρτάνων,
554 2538 611 2601 κάν
638 2539 679 2619 μὴ
705 2540 876 2619 κολάζηται,
902 2540 1023 2600 πάντων
1050 2538 1129 2601 ἐστίν

110 2638 300 2720 ἀθλιώτερος.
346 2637 396 2699 καί
423 2638 560 2718 καθάπερ
588 2638 620 2700 οί
647 2641 764 2717 σπλῆνα
790 2636 840 2698 καί
870 2638 979 2718 ύδερον
1005 2636 1128 2718 ἔχοντες,

111 2736 184 2798 όταν
211 2735 400 2797 ἀπολαύσωσι
427 2734 570 2818 τραπέζης
597 2736 747 2814 δαψιλοῦς
767 2734 818 2796 καί
844 2736 1052 2816 ψυχροποσίας
1077 2732 1128 2796 καί
1142 2753 1168 2795 τε

185 2959 199 3007 1
223 2950 288 3023 κάν]
313 2952 362 3006 καί
385 2950 497 3006 OERV.
525 2983 560 2992 -
588 2949 675 3014 δίδως
697 2949 776 3005 GNV
794 2956 820 3006 τί
841 2965 912 3004 εθοο.
931 2948 1069 3003 nonnulli.
1094 2980 1127 2989 -

113 3024 344 3091 θάπελαύσαμεν
362 3021 460 3077 vchr.
485 3021 684 3091 ἀπολαύσομεν
702 3021 740 3074 Μ.
760 3053 793 3061 -
818 3018 989 3089 4τιταίομεν
1008 3018 1127 3073 OGMP.

113 3126 148 3136 -
169 3101 200 3149 11
216 3095 264 3149 καί
277 3091 386 3165 γίνεται
399 3092 449 3147 ΒΡ
466 3092 573 3163 γίνεται
588 3094 636 3147 καί
649 3092 710 3147 rell.
726 3123 759 3132 -
780 3097 813 3145 12
828 3090 856 3145 ολ
870 3090 981 3144 BGNP
1000 3090 1036 3160 μὴ
1050 3089 1129 3145 GRV

111 3167 141 3236 μλ
161 3166 192 3220 Ε,
217 3197 250 3207 -
276 3172 308 3221 15
328 3164 394 3248 ἴσως
411 3170 476 3234 post
498 3164 617 3234 ἔπραξεν
636 3179 702 3253 ωηο,
720 3169 786 3233 pont
803 3162 896 3233 λαβὼν
914 3180 938 3217 ν.
954 3164 1059 3244 Ισικο.
1077 3160 1129 3215 RV

112 3235 699 3363 nnn‘fflss‘snffin¹i0nn
717 3232 1130 3374 λωῗιλῶλλῗάῑληῖ.

113 3378 206 3433 OGM.
226 3409 259 3418 —
281 3384 314 3433 18
333 3376 417 3447 ἀπείη
433 3376 515 3431 CNR.
533 3376 619 3445 ἀπύει
633 3376 662 3430 Ρ.
682 3408 717 3416 -
737 3381 769 3428 21
789 3375 838 3429 καί
856 3373 947 3442 ῶσπερ
965 3374 1017 3429 δΒ
1037 3373 1129 3441 ὥσπερ

111 3446 165 3505 ούν
184 3448 199 3503 ό
217 3449 241 3503 Ρ
263 3448 355 3517 ὥσπερ
373 3450 422 3503 καί
442 3448 456 3503 ό
475 3448 535 3528 τελλ,
556 3478 590 3488 -
610 3454 642 3501 22
662 3446 791 3517 τέμνεται
810 3445 830 3500 0
853 3445 937 3516 τέμνη
956 3445 989 3500 V.

184 3622 218 3670 23
238 3617 286 3671 καί
304 3623 367 3673 ante
385 3616 400 3671 δ
420 3634 470 3673 om.
487 3616 517 3671 P.
