2617 3909
524 234 714 284 Χεοοτκοω
1066 233 1130 297 753

105 381 217 460 νόσος,
241 381 278 442 ού
301 381 395 459 μόνον
417 381 487 454 τούς
511 380 543 442 ἐν
566 391 602 465 τῷ
625 381 723 461 πόλει,
750 380 823 442 ἀλλά
850 380 901 442 καί
923 381 992 456 τούς
1015 382 1047 445 ἔν
1069 390 1130 457 τοῖς

103 480 287 561 περιχώροις
313 479 406 559 αὐτῆς
438 480 543 552 δεινῶς
572 477 786 559 δλοθρεύουσα.
832 478 881 541 καί
910 480 985 560 πρδς
1016 482 1131 554 τούτοις

106 577 246 658 ἐγίνοντο
274 577 325 638 καί
353 579 513 656 φαντασίαι
541 575 618 650 τινές
649 578 692 651 εἰς
719 578 846 651 πολλούς
873 588 932 639 τῶν
959 577 1130 658 ἀνθρώπων

105 675 162 736 καὶ
186 676 307 754 δείματά
329 700 396 737 τινα
424 675 545 750 ἐξαίσια.
591 676 743 756 γινόμενοι
770 675 825 758 γάρ
853 676 885 738 ἔν
907 675 1038 738 ἐκστάσει
1065 677 1129 738 ἐνό-

106 776 196 852 μιζον
225 772 319 847 ξένοις
346 773 403 836 τισί
430 772 481 835 καὶ
503 773 651 856 βριαρέοις
675 774 845 854 προσώποις
867 773 997 855 ὁδεύειν,
1025 777 1056 836 οἳ
1081 775 1130 836 καὶ
1158 797 1170 836 ι

105 871 180 946 τοὺς
203 871 396 946 ἀπαντῶντας
425 869 464 945 δος
487 874 596 949 φίλους
623 873 720 951 δῆθεν
748 873 1015 954 προσαγορεύοντες
1040 872 1129 934 διελέ-

105 992 207 1051 γοντο.
252 970 302 1030 καλ
330 979 422 1031 ταῦτα
451 968 504 1049 μὲν
532 969 565 1032 ἐν
591 977 631 1053 τῷ
650 980 771 1050 χειμῶνι
797 969 926 1052 γέγονεν.
972 969 1004 1032 ἐν
1032 969 1064 1032 δὲ
1089 976 1129 1053 τῷ

105 1067 217 1152 ἐαρινῷ
240 1075 332 1151 καιρῷ
356 1068 497 1147 μειζόνως
524 1066 668 1130 ἐπέτεινεν
696 1065 715 1146 ἡ
744 1069 846 1148 νόσος,
879 1066 929 1128 καί
958 1071 997 1152 τῷ
1022 1074 1132 1152 θερινῷ

105 1176 252 1228 τοσοῦτον
275 1165 434 1246 ἐξεκαύθη,
454 1166 527 1227 ὥστε
549 1164 599 1226 καὶ
620 1164 801 1245 ὁλοκλήρους
819 1166 920 1240 οἴκους
937 1164 1035 1235 τέλεον
1053 1171 1127 1228 κλει-

107 1269 235 1343 σθῆναι,
254 1264 328 1325 ὅθεν
346 1263 379 1326 ἐκ
396 1269 507 1343 πολλῆς
525 1263 720 1344 περιστάσεως
738 1264 782 1336 εἰς
795 1262 888 1344 ἀλογά
905 1287 934 1325 τε
952 1262 1003 1324 καί
1016 1262 1129 1343 ἀμάξας
1144 1285 1169 1325 ιο

109 1360 362 1442 ἐπιστοιβάζοντες
388 1361 499 1434 αύτούς
526 1361 701 1440 ἐξεκόμιζον.
747 1361 780 1423 ἐν
808 1359 839 1422 δὲ
865 1367 906 1446 τῷ
929 1366 1129 1443 πληρωθῆναι

108 1458 145 1520 τδι
168 1459 302 1521 ἐνύστεια
323 1460 421 1520 πάντα
443 1458 493 1521 καί
516 1458 552 1519 τὰ
574 1459 733 1539 προάστεια
756 1459 908 1539 μνήματα,
931 1459 972 1521 ἔτι
995 1460 1056 1538 μὴν
1079 1458 1128 1520 καὶ

108 1557 238 1630 λάκκους
256 1555 424 1638 ὀρυχθῆναι
442 1557 492 1618 καί
508 1556 683 1635 ἀμπελῶνας
701 1567 929 1637 κατασκαφῆναι
947 1556 1057 1638 συνέβη
1077 1555 1127 1618 καί

108 1655 198 1717 ἔνδον
220 1665 280 1716 τῶν
302 1661 437 1717 παλαιῶν
460 1666 562 1736 τειχῶν
584 1655 701 1734 κήπους
728 1656 770 1729 εἰς
793 1655 849 1735 τὴν
871 1656 1012 1733 τοιαύτην
1035 1673 1126 1738 προσ-

108 1763 239 1835 χωρῆσαι
252 1754 353 1833 ταφὴν
366 1764 426 1816 τῶν
439 1753 620 1833 ἀνθρώπων.
655 1753 712 1814 σὺν
730 1763 802 1815 πᾶσι
817 1751 850 1815 δὲ
863 1754 978 1826 τούτοις
992 1753 1126 1832 ἔφθασεν
1141 1777 1211 1817 ωοιε
1221 1775 1253 1814 ιτ.

108 1848 128 1929 ἡ
148 1848 222 1932 ὄργα)
243 1850 353 1924 καλεῖς
372 1852 423 1913 τδν
442 1850 562 1931 ἀνίερον
577 1847 769 1913 Ἀναστάσιον
786 1852 839 1914 τὸν
858 1852 1053 1932 φατριάρχην,
1077 1850 1127 1912 καί

107 1950 241 2035 οἰκτίστφ
264 1950 357 2011 πάθει
380 1956 419 2034 τῷ
439 1949 585 2036 λεγομένῳ
608 1951 751 2033 χορδαψῷ
770 1949 907 2010 καταλύει
929 1950 981 2011 τδν
1004 1951 1080 2029 βίον.

119 2198 122 2202 .
180 2127 283 2175 15-17
304 2123 338 2188 cf.
354 2121 479 2191 Theoph.
491 2140 520 2190 p.
537 2126 598 2188 427,
613 2127 655 2174 25.

180 2287 195 2333 3
214 2282 263 2335 καὶ
281 2277 437 2350 φαντασίαι
451 2280 662 2349 ABP'I'heoph.
686 2281 735 2334 καί
753 2285 817 2334 ante
833 2278 873 2342 είς
891 2281 943 2333 ins.
959 2277 1048 2334 Vom.
1063 2279 1124 2334 rell.

110 2384 142 2392 —
161 2359 178 2406 b
196 2350 338 2423 βριαρίοις
360 2351 457 2421 (-αίοις
476 2352 509 2420 Β)
528 2350 632 2406 BGEV
649 2359 676 2406 et
693 2352 718 2405 A
741 2352 787 2407 εοά
805 2350 835 2405 ἔο
858 2353 890 2404 in
909 2352 946 2404 lit.
977 2348 1125 2421 βρυαρέοις

109 2421 205 2493 (-αίοις
218 2424 259 2494 Μ)
275 2424 302 2476 Ν
321 2426 449 2495 βρυεροῖς
466 2423 492 2476 R
510 2425 643 2495 (βριεροῖς
659 2423 681 2476 Ρ
698 2425 822 2546 Εριερολς
839 2423 880 2476 vel
898 2423 1024 2492 βριαροῖς
1042 2423 1122 2476 codd.

109 2495 250 2564 Theoph.).
271 2527 304 2536 -
330 2500 346 2549 θ
364 2495 497 2564 μειζόνως
515 2495 698 2563 ABPTheop
721 2537 726 2546 .
749 2502 884 2548 τοσοῦτον
901 2492 961 2546 rell.
982 2525 1015 2532 -
1040 2498 1056 2548 8
1075 2494 1124 2548 καί

108 2571 205 2638 τεῷ-9
225 2565 365 2635 ἐξεκαύθη
384 2568 449 2622 add.
463 2565 565 2620 ABPV
575 2565 699 2634 Theoph.
720 2581 770 2619 om.
786 2563 845 2618 rell.
863 2597 895 2604 -
916 2570 948 2617 11
964 2563 1123 2635 ἐπιστοιβά-

109 2643 199 2702 ζοντες
207 2637 312 2692 BEPV
326 2636 608 2709 ἐπιστυβάζοντεςΑΟ
614 2637 664 2690 LN
678 2637 899 2708 ἐπιστιβάζουτες
907 2652 978 2690 τεοο.
986 2635 1122 2705 plerique.

110 2742 142 2749 -
161 2709 264 2772 αύτούς
286 2726 336 2764 om.
357 2709 391 2762 N.
415 2741 451 2750 -
475 2715 507 2763 12
527 2708 641 2763 ἐνάστια
664 2707 758 2762 πάντα
776 2707 833 2761 ΜΡ
856 2703 1079 2762 ἐναστείαπαντα
1098 2708 1123 2760 Α

110 2781 138 2835 ἐν
162 2780 238 2834 ἄστει
262 2779 376 2834 ἅπαντα
398 2780 484 2834 BEV.
514 2812 540 2820 -
577 2785 610 2832 13
634 2780 682 2833 καί
706 2779 790 2834 ἔνδον
813 2787 868 2834 τῶν
887 2779 962 2831 ΑΒΡ
987 2779 1036 2832 καλ
1057 2779 1123 2840 τούς

111 2853 191 2907 ἔνδον
209 2860 265 2906 τῶν
284 2851 445 2920 NTheoph.
474 2853 590 2905 καὶτοῦ
610 2851 693 2905 ἔνδον
712 2859 767 2904 τῶν
786 2849 834 2904 ΟΕ
858 2850 980 2904 καὶτῶν
1000 2849 1122 2904 ἔνδονί

111 2924 156 2977 καὶ
178 2923 244 2982 τούς
266 2932 321 2976 τῶν
345 2923 428 2978 ἔνδον
452 2931 508 2976 τῶν
527 2923 614 2976 11.-
638 2928 672 2974 14
691 2921 741 2991 τὴν
760 2939 811 2976 om.
832 2919 974 2974 CDERV.
996 2953 1028 2961 —
1052 2940 1121 2989 προ-

109 2993 273 3119 χωρησὸιὲἒ
294 3000 320 3047 ελ
341 3011 411 3049 reon.
431 2993 559 3062 plerique
578 2993 703 3061 Theoph.
728 3025 760 3033 -
789 2998 821 3046 15
845 2992 898 3061 σύμ
921 3000 990 3046 πᾶσι
1008 2991 1031 3044 Β
1055 3009 1121 3061 συμ-

109 3075 175 3122 πῶσι
275 3108 280 3120 .

176 3188 305 3258 θφίλυις
323 3189 352 3242 Ρ.
378 3221 412 3230 -
438 3195 471 3242 10
491 3190 556 3244 Post
574 3192 741 3257 κλεισθῆναι
759 3189 813 3242 Ρε
836 3189 953 3256 Theoph.
973 3189 1052 3242 adds
1073 3188 1120 3243 καί

111 3263 176 3332 μηδὲ
194 3262 261 3324 τούς
280 3259 445 3329 ὀφείλοντας
468 3257 542 3316 είναι
559 3262 626 3322 τούς
643 3261 761 3327 νεκρούς
780 3259 909 3327 ἐκφέρειν
931 3259 980 3313 καί
997 3258 1121 3314 θάπτειν

111 3339 179 3387 -12
200 3333 240 3388 ἔτι
258 3333 313 3402 μὴν
332 3333 381 3386 καλ
398 3331 543 3400 κιστέρνας
556 3332 699 3398 ἀνύδρους
717 3332 765 3384 καί
779 3331 901 3393 λάκκους
913 3331 935 3384 Ρ
945 3330 1070 3400 Theoph.
1087 3361 1119 3370 —

112 3410 143 3457 13
164 3405 213 3457 καὶ
235 3402 366 3466 πλείστας
388 3406 452 3472 (sic)
475 3405 641 3473 ἀμπελῶνας
660 3402 817 3471 PTheoph.
843 3433 875 3442 —
901 3409 1121 3470 κατασκαφῆναι
1203 3459 1205 3462 ,

111 3476 193 3530 ουκΡ
212 3477 299 3530 invito
318 3475 497 3544 Tbeophane.
522 3507 556 3515 -
581 3481 615 3528 lb
637 3475 689 3528 σύν
712 3478 870 3527 πᾶσι-17
894 3471 958 3544 βίον
981 3489 1031 3528 om.
1050 3471 1073 3525 P
1095 3478 1121 3526 et

109 3565 135 3616 p.
150 3552 208 3612 7⁶4,
225 3553 241 3599 2
257 3554 321 3615 μοελ
338 3550 441 3602 πολλοῦ
458 3549 562 3616 φετηιλε
578 3545 686 3608 παντὸς
705 3541 756 3598 σύν
775 3543 856 3598 οέκου
875 3543 905 3600 ἔκ
923 3552 972 3613 τῆς
989 3543 1121 3611 τοιαύτης

112 3616 318 3686 διαφθαρέντος
327 3626 473 3687 συμφορᾶς
488 3617 536 3674 διὰ
550 3617 601 3686 τὴν
615 3615 745 3686 μυσαράν
759 3613 868 3681 αἵρεσιν
881 3623 931 3669 τοῦ
940 3611 1119 3684 παλαμναίου

907 3703 960 3758 48*
