2617 3909
541 228 731 279 XPONIKON
1078 225 1142 289 561

125 375 175 439 ἐπὶ
203 385 262 437 τῶν
290 373 383 457 όρέων
410 374 575 459 ἐρρίφησαν
602 372 669 455 όίχρι
698 375 825 435 σταδίων
853 370 893 456 ρ’,
921 374 972 448 τάς
1000 396 1029 435 τε
1056 378 1144 456 Βρετ-

125 473 248 547 τανικὰς
270 473 382 552 νήσους
404 472 455 535 καί
477 483 530 553 τῆς
546 468 689 554 Ἀφρικῆς
711 470 747 533 τὰ
765 470 840 532 αύτά
861 470 912 532 καί
930 473 1047 553 χείρονα
1069 470 1144 531 ύπο-

125 581 247 651 στῆναι,
283 569 333 631 καί
365 570 468 651 σχεδὸν
504 570 602 649 πάσης
635 579 688 649 τῆς
720 568 898 649 οἰκουμένης
935 570 970 630 τά
1001 568 1076 650 πρὸς
1107 578 1142 653 τῇ
1156 581 1196 621 4⁶³
1212 581 1242 621 M·

125 669 264 751 θαλάσση
296 667 332 728 τδι
358 666 413 747 μὲν
440 667 499 729 ύπό
527 677 586 729 τῶν
614 677 758 748 σεισμῶν,
790 668 826 728 τὰ
855 666 887 729 δὲ
918 666 977 729 ύπὸ
1006 677 1058 747 τῆς
1086 674 1144 729 θα-

125 766 238 844 λάσσης
264 766 548 845 κατεποντίσθησαν.
594 764 643 825 καί
672 764 771 845 μέντοι
799 764 849 826 καὶ
880 766 913 827 έν
945 771 1007 838 τοῖς
1034 768 1145 846 βυθοῖς
1171 785 1185 823 5

125 862 177 925 καί
209 869 271 937 τοῖς
300 863 437 945 μεχάλοις
469 863 605 944 πελάγεσι
636 862 671 923 τά
699 862 778 943 ἀμφί
805 863 856 924 τὸν
880 859 1002 947 Ἀδρίαν
1033 862 1083 924 καλ
1112 863 1145 924 τὸ

126 962 258 1042 Αίχαίον
280 959 405 1042 πέλαχος
433 960 482 1022 καί
505 958 577 1021 άλλα
600 964 719 1022 πλεῖστα
742 960 936 1042 ὑπεχώρησαν
958 960 1008 1023 καί
1031 960 1145 1040 διέστη

126 1077 184 1119 σαν
214 1056 282 1119 ὡσεί
313 1064 405 1138 τεῖχος
437 1058 526 1120 ένθεν
558 1056 608 1119 καί
640 1057 730 1119 ἔνθεν
761 1058 797 1118 τὰ
828 1060 937 1138 ύδατα,
969 1058 1019 1120 καί
1047 1058 1146 1137 έφάνη

126 1154 147 1235 ή
171 1155 259 1237 ξηρά·
288 1154 339 1215 καί
366 1155 459 1217 πολλὰ
481 1154 543 1217 τότε
566 1160 655 1216 πλοῖα
682 1154 850 1237 εὑρέθησαν
875 1156 1000 1218 πλέοντα
1027 1156 1077 1217 καί
1104 1157 1146 1230 είς

126 1254 179 1315 τὸν
208 1251 349 1331 πυθμένα
376 1254 543 1314 καθίσαντα
570 1253 661 1313 πάλιν
688 1251 866 1334 ἀνήχθησαν
893 1263 928 1338 τή
956 1263 1009 1315 τού
1037 1255 1145 1327 ύδατος
1159 1274 1186 1313 ιο

126 1350 367 1412 άποκαταστάσει.
414 1360 545 1430 συνεχῶν
580 1348 611 1411 δὲ
644 1348 695 1411 καί
727 1350 897 1430 ἐπαλλήλων
928 1361 987 1411 τῶν
1020 1359 1146 1429 σεισμῶν

126 1446 308 1530 γινομένων,
337 1445 356 1526 ή
381 1445 435 1527 μέν
464 1448 516 1527 μία
544 1457 596 1527 τῆς
617 1450 768 1523 Βιθυνίας
790 1448 874 1521 πόλις
901 1460 981 1510 πάσα
1006 1446 1146 1509 συνέπεσε

126 1544 178 1606 καὶ
210 1544 244 1605 τά
276 1545 375 1629 κύκλῳ
407 1556 466 1606 τῶν
496 1548 693 1627 προαστείων,
725 1545 811 1628 ἀγροί
842 1546 893 1607 καί
922 1547 993 1629 ἔργα
1019 1550 1146 1607 πλεῖστα.

127 1641 148 1722 ή
177 1640 209 1728 δέ
237 1643 335 1723 Γερμή
364 1642 531 1723 καλουμένη
561 1644 647 1717 πόλις
674 1653 727 1707 τού
750 1640 971 1725 Ἑλλησπόντου
1002 1654 1082 1705 πᾶσα
1114 1643 1147 1704 έκ

127 1741 276 1818 θεμελίων
294 1742 478 1821 κατεπτώθη.
516 1740 566 1803 καί
584 1742 658 1824 πρὸς
676 1743 791 1816 τούτοις
809 1744 941 1823 χάσματα
959 1742 1052 1803 πολλὰ
1072 1740 1146 1802 κατὰ
1161 1759 1186 1800 15

129 1837 297 1919 διαφόρους
320 1838 430 1911 τόπους
453 1837 598 1921 έχένοντο,
621 1838 662 1912 ὡς
681 1840 713 1901 έκ
731 1850 790 1900 τῶν
809 1840 914 1920 φόβων
937 1840 969 1901 έν
988 1846 1049 1912 τοῖς
1068 1837 1146 1919 όρεσι

127 1935 228 2015 μένειν
250 1935 320 2009 τοὺς
343 1934 539 2017 ἀνθρώπους,
568 1937 600 1999 έκ
623 1935 655 1998 δέ
678 1948 731 2017 τῆς
753 1936 893 2018 άβροχίας
919 1937 1012 1998 πολλά
1036 1938 1094 2009 ζῶά
1117 1959 1146 1997 τε

131 2031 183 2094 καλ
205 2031 363 2114 άνθρωποι
386 2035 605 2117 διεφθάρησαν.

292 2208 347 2292 [η’.
381 2211 469 2293 Περὶ
495 2213 695 2273 Θεοδοσίου
718 2221 779 2272 τοῦ
803 2208 981 2293 μεγάλου]

197 2335 286 2396 Μετὰ
304 2333 335 2397 δέ
351 2336 517 2417 Γρατιανόν
535 2336 702 2416 ἐβασίλευσε
719 2335 876 2407 Θεοδόσιος
895 2334 910 2397 δ
926 2334 1015 2417 μέχας
1033 2335 1082 2414 έτη
1102 2332 1145 2408 ιζ.
1160 2353 1187 2391 εο

130 2432 194 2495 τότε
217 2432 233 2495 ό
255 2432 352 2514 πατήρ
382 2435 558 2512 Θεοδοσίου,
586 2432 635 2494 καί
659 2433 748 2506 αύτὸς
774 2434 931 2506 Θεοδόσιος
956 2434 1147 2513 καλούμενος,

205 2601 309 2649 11-15
328 2596 362 2662 ef.
379 2594 506 2650 Socrates
525 2594 597 2649 Hist.
613 2595 680 2650 eccl.
696 2595 742 2662 IV,
759 2601 800 2663 11,
815 2601 875 2665 4sq.

207 2743 220 2790 1
242 2734 381 2807 έρίφησαν
399 2736 446 2790 Ac
469 2734 625 2806 ἐρρίφησαν
646 2738 694 2793 sed
714 2758 741 2806 ρι
760 2740 791 2792 in
809 2739 848 2792 lit.
868 2737 897 2792 P.
922 2770 955 2778 —
982 2738 1147 2809 βρετανικδις

131 2808 181 2862 ΘΕ
207 2808 371 2879 βριτανικάς
388 2808 418 2861 P.
444 2840 476 2848 —
502 2814 517 2861 2
541 2809 590 2862 καί
612 2808 647 2863 τά
670 2815 737 2877 τήςί
762 2841 794 2849 -
819 2814 835 2861 6
859 2810 906 2862 καί
931 2809 961 2863 έν
984 2818 1043 2871 τοῖς
1066 2810 1145 2862 codd.

125 2887 238 2949 praeter
256 2879 339 2933 ΑΒΡ.
359 2911 394 2919 -
414 2876 535 2948 ἀνδρίαν
558 2880 639 2933 BFL.
660 2912 694 2920 -
713 2881 745 2935 τό
768 2896 818 2934 om.
838 2880 896 2933 RV.
917 2912 951 2919 —
976 2885 990 2931 ’ί
1010 2879 1146 2948 αίχέονίί

131 2949 228 3019 αίχεον
256 2948 323 3021 (αίχ.
346 2950 385 3021 Μ)
410 2949 489 3004 ΘΝΡ
521 2949 624 3021 αἴχεων
648 2952 682 3005 Α.
711 2983 745 2991 -
773 2957 789 3003 9
817 2955 901 3004 πλοῖα
928 2950 990 3004 τότε
1017 2951 1083 3003 ΒΜ.
1111 2980 1146 2989 -

131 3028 164 3076 12
185 3020 341 3091 γενομένων
361 3021 454 3075 CMR.
477 3054 510 3062 —
534 3020 585 3091 μία
603 3023 651 3075 ΑΡ
678 3021 726 3077 νία
745 3022 794 3075 LN
819 3022 927 3077 νυῑαΕ
953 3021 1025 3074 ίαΒ
1049 3020 1147 3075 νίκαια

128 3089 236 3160 (νικαία
258 3092 288 3161 C)
313 3092 496 3160 OFRvsocr.
533 3095 634 3148 Fuerit
660 3095 724 3160 [σιτ.
748 3096 780 3148 in
806 3094 882 3159 sonte
906 3094 1018 3163 (ἕτοιμά
1041 3099 1059 3145 ᾶ
1087 3094 1105 3146 ι’.
1124 3110 1145 3146 ε.

127 3164 242 3232 πρότηῗ
267 3196 299 3203 -
328 3162 461 3218 συνέπεσε
484 3173 561 3218 πᾶσα
582 3164 604 3217 Β
633 3165 713 3219 έπεσε
736 3172 813 3217 πᾶσα
832 3163 861 3216 Μ
884 3173 961 3218 πᾶσα
984 3181 1035 3218 om.
1057 3165 1087 3219 L.
1112 3196 1146 3204 -

130 3241 164 3288 14
187 3234 273 3305 χέρμη
296 3234 382 3288 BEV.
411 3267 445 3274 —
472 3233 553 3297 πόλις
575 3244 652 3289 πᾶσα
677 3234 809 3289 συνέπεσε
833 3234 1070 3304 ητουελισπόνδου
1098 3236 1145 3288 καί

127 3306 200 3373 πρὸς
226 3307 335 3369 τούτοις
362 3306 395 3359 A.
426 3338 461 3345 —-
493 3304 679 3376 ἑλλησπόντου
707 3306 768 3375 (έλλ.
792 3306 824 3375 F)
852 3306 933 3358 ΒΕΘ
967 3306 1146 3361 έλλισπόντου

128 3377 191 3447 (έλλ.
207 3377 240 3446 Β)
259 3376 312 3430 BV
336 3374 500 3431 έλισπόντου
519 3377 583 3446 (αίλ.
598 3377 634 3431 Μ.
661 3377 696 3432 έλ.
717 3394 787 3433 rece.
807 3377 934 3447 quidam)
954 3376 1091 3432 OLMPR.
1113 3408 1145 3416 —

131 3453 164 3503 17
188 3446 217 3501 τε
236 3464 286 3501 ονε.
301 3448 361 3503 FM.
382 3480 415 3488 —
435 3453 469 3501 20
489 3448 535 3517 έτη
554 3448 651 3513 δεκαέξ
671 3450 692 3502 F
717 3449 762 3517 ἔτη
782 3446 822 3506 ις’
843 3449 924 3519 R(P).

203 3594 218 3641 2
238 3598 332 3659 χεῖρον
351 3589 380 3644 Ρ.
401 3622 435 3630 -
454 3595 470 3643 9
490 3588 643 3657 εὑρεθέντα
662 3591 691 3645 Ρ.

932 3679 985 3732 36*
