2617 3909
522 220 712 271 XPONIKON
1062 217 1124 281 727

113 368 305 448 δεικνύμενος
327 366 542 450 ἐχχαράσσεται,
564 364 598 441 ‘dg
620 367 663 441 εἰς
685 367 780 429 τύπον
802 366 983 448 παρελήφθη
1006 377 1059 447 τῆς
1076 367 1126 448 χά-

113 489 195 548 ριτος
211 467 263 530 τὸν
281 464 430 544 ἀληθινὸν
453 462 526 544 ἡμῖν
544 464 594 526 διὰ
611 466 709 543 νόμου
726 463 777 526 καλ
794 474 958 544 προφητῶν
976 473 1128 547 προῦπεμ»

114 566 234 643 φαίνων
256 563 353 643 άμνὸν
369 564 500 646 Χριστὸν
520 562 572 625 τὸν
589 564 665 626 θεὸν
683 559 776 642 ἡμῶν.
813 563 883 636 τοὺς
906 555 962 624 οὖν
984 563 1129 637 παλαιούς

114 662 227 735 τύπους
249 661 300 722 καλ
318 661 370 736 τδις
388 661 473 735 σκιὰς
494 659 536 734 ὡς
553 671 606 741 τῆς
623 660 768 740 ἀληθείας
786 661 919 740 σύμβολά
936 684 965 722 τε
988 660 1039 722 καλ
1056 682 1129 742 προ-

114 760 285 842 χαράγματα
303 759 496 844 τῇνὲκκλησίμ
518 756 778 841 παραδεδομένους
800 757 1052 838 κατασπαζόμενοι
1074 758 1128 836 την
1156 778 1170 819 σ

114 858 201 939 χάριν
227 866 417 937 προτιμώμεν
448 856 498 917 καὶ
530 857 586 935 τὴν
612 855 759 935 ἀλήθειαν
791 854 831 931 ὡς
857 857 1002 938 πλήρωμα
1033 856 1129 936 νόμου

115 957 228 1035 ταύτην
249 955 473 1034 ὑποδεξάμενοι.
514 952 555 1027 ὡς
576 952 615 1015 διν
638 946 695 1015 ούν
717 954 749 1016 τδ
767 953 876 1016 τέλειον
898 953 955 1015 κάν
973 961 1037 1028 ταῖς
1054 977 1129 1035 χρω-

117 1054 309 1135 ματουργίαις
332 1053 365 1114 ἐν
387 1058 451 1126 ταῖς
473 1050 613 1114 ἁπάντων
636 1050 743 1130 ἀψεσιν
765 1050 984 1133 ύπογράφηται,
1007 1053 1059 1116 τὸν
1077 1061 1129 1114 τοῦ

115 1153 253 1234 αἴροντος
274 1151 330 1229 την
348 1149 493 1231 ἁμαρτίαν
511 1160 565 1211 τοῦ
582 1150 696 1228 κόσμου
714 1148 811 1229 ἀμνοῦ
830 1154 960 1231 Χριστοῦ
983 1159 1036 1212 τοῦ
1054 1157 1130 1212 θεοῦ

115 1247 203 1328 ἡμῶν
224 1248 299 1309 κατὰ
320 1247 373 1309 τὸν
394 1247 590 1329 ἀνθρώπινον
611 1257 780 1329 χαρακτῆρα
807 1246 857 1308 καί
879 1247 912 1309 ἐν
934 1254 998 1322 ταῖς
1019 1248 1130 1311 εἰκόσιν
1144 1269 1171 1309 ιο

116 1346 176 1407 ἀπὸ
199 1355 253 1407 τοῦ
274 1355 333 1406 νῦν
359 1345 426 1406 άντλ
452 1354 506 1407 τοῦ
528 1351 656 1406 παλαιοῦ
684 1344 781 1423 ἀμνοῦ
806 1344 1048 1425 ἀναστηλοῦσθαι
1070 1343 1131 1427 δρί-

117 1447 215 1524 ζομεν,
238 1437 278 1504 δι’
300 1443 393 1504 αὐτοῦ
415 1443 448 1504 τὸ
471 1453 523 1523 τῆς
545 1443 748 1516 ταπεινώσεως
770 1443 851 1520 δίψος
873 1452 925 1505 τοῦ
943 1449 1019 1505 θεοῦ
1042 1443 1131 1524 λόγου

116 1550 331 1615 κατανοοῦντες
357 1540 408 1602 καί
430 1541 504 1622 πρὸς
526 1540 648 1620 μνήμην
671 1550 724 1619 τῆς
746 1539 778 1601 ἕν
800 1541 887 1621 σαρκλ
909 1542 1056 1615 πολιτείας
1078 1549 1131 1603 τοῦ

117 1662 147 1700 τε
165 1639 287 1712 πάθους
304 1638 398 1700 αὐτοῦ
416 1638 467 1700 καί
483 1648 537 1700 τοῦ
553 1639 700 1721 σωτηρίου
714 1639 851 1701 θανάτου
868 1641 1132 1722 χειραγωγούμενοι

117 1735 168 1798 καὶ
189 1746 243 1817 τῆς
263 1736 404 1798 ἐντεῦθεν
426 1736 588 1818 γενομένης
610 1743 650 1820 τῷ
669 1736 769 1822 κόσμῳ
793 1736 1030 1819 ἀπολυτρώσεως.
1144 1757 1170 1800 τε

182 1828 251 1914 Ἐφ’
272 1826 316 1896 ὧν
338 1834 454 1917 χρόνων
475 1827 574 1915 ἦλθον
596 1836 629 1896 οῖ
648 1835 824 1916 Σαρακηυοὶ
846 1834 878 1896 ἕν
901 1835 993 1920 στόλῳ
1017 1835 1132 1921 μεγάλῳ

117 1932 192 1994 κατὰ
211 1942 264 2012 τῆς
281 1932 635 2013 Κωνσταντινουπόλεως,
652 1931 703 1993 καλ
721 1934 969 2015 προσορμίσαντες
986 1933 1060 1994 κατὰ
1078 1934 1133 2012 τὴν

117 2032 263 2112 παράλων
285 2040 339 2092 τοῦ
355 2026 522 2112 Ἑβδόμου,
544 2030 827 2111 ἀντιπαρατάσσεται
849 2030 950 2104 αύτοῖς
971 2034 1131 2092 Κώνσταν·
1144 2019 1185 2095 ειν
1198 2053 1231 2092 τι.

117 2133 213 2206 τῖνος,
247 2122 301 2205 ὑφ’
332 2120 376 2189 ὧν
402 2133 533 2189 πλεῖσται
561 2128 723 2207 ναυμαχίαι
754 2123 827 2188 καθ’
862 2127 988 2207 ἑκάστην
1020 2125 1134 2210 ἡμέραν

118 2223 252 2305 ἐγίνοντο
279 2224 338 2288 ἀπὸ
366 2224 487 2307 ἕαρινοῦ
514 2234 620 2306 καιροῦ
645 2223 728 2306 με’χρι
750 2234 804 2286 τοῦ
827 2225 1035 2308 φθινοπώρου.
1080 2235 1133 2287 τοῦ
1147 2251 1174 2291 ιο

120 2320 153 2383 δὲ
175 2332 317 2402 χειμῶνος
339 2322 546 2404 ἐπιγινομένου
569 2321 798 2404 διαπεραιωθεὶς
825 2322 841 2384 δ
864 2332 924 2384 τῶν
946 2327 1134 2406 Σαρακηυῶν

120 2419 222 2492 στόλος
248 2419 395 2502 ἐχείμαζεν
425 2420 457 2482 ἐν
484 2421 618 2504 Κυζίκῳ,
649 2419 701 2482 καί
732 2421 822 2482 πάλιν
853 2421 939 2501 ἔαρος
970 2420 1134 2503 ἀρχομένου

120 2517 238 2579 ἐκεῖθεν
260 2517 402 2599 ἀναχθείς
427 2517 537 2598 δμοίως
558 2526 611 2579 τοῦ
634 2518 685 2579 διὰ
707 2519 860 2597 θαλάσσης
882 2519 972 2600 εἴχετο
995 2517 1134 2599 πολέμου.

120 2615 193 2678 ἑπτά
225 2609 281 2677 οὖν
314 2616 388 2678 ἔτεσι
424 2625 478 2677 τοῦ
509 2613 638 2695 πολέμου
676 2615 884 2699 διαρπάσαντος
920 2615 1010 2679 οῦδὲν
1046 2615 1134 2678 πλέον

195 2875 299 2937 16-ρ,
316 2873 375 2934 728,
390 2874 407 2921 5
425 2869 461 2935 cf.
475 2868 594 2938 Niceph.
608 2869 730 2923 Breviar.
741 2887 771 2938 μ.
787 2875 829 2922 32.

195 3063 209 3110 1
234 3054 434 3126 ἐυχαράοσεται
456 3055 510 3109 NV
532 3055 716 3127 ἐχχαράσεται
738 3055 761 3109 E
790 3054 987 3127 ἐχχαράττεται
1009 3055 1135 3110 ΒΜοοεί

122 3125 320 3197 ἐνχαράττεται
338 3126 371 3179 Α.
394 3159 430 3166 -
453 3125 496 3251 δρχ
519 3124 557 3189 ὣς
578 3128 603 3180 Α
626 3127 664 3188 ὡς
686 3127 750 3180 NR.
775 3159 808 3167 -
833 3133 849 3180 9
872 3135 922 3181 τοῦ
945 3133 1009 3182 ante
1031 3125 1136 3198 κόσμου

122 3215 173 3253 om.
192 3197 281 3252 DEL.
304 3230 340 3239 —
363 3198 454 3269 ἀμνὸν
500 3198 537 3252 Μ.
561 3230 595 3238 -
620 3205 652 3252 12
672 3195 713 3252 δι’
734 3198 822 3253 αὐτοῦ
845 3199 876 3252 τὸ
895 3197 1047 3252 ΒΙιΜυωσί
1071 3200 1136 3253 διοῦ

121 3268 153 3323 τδ
173 3269 195 3322 Ρ
218 3269 268 3324 διδι
284 3269 316 3323 τδ
336 3269 427 3339 (διατδ
444 3269 479 3339 A)
497 3268 630 3324 AOENV
652 3269 702 3322 διδι
718 3277 801 3324 τοῦτο
820 3269 852 3322 R.
872 3301 907 3309 —-
927 3275 959 3323 17
978 3270 1136 3340 προσορμή·

123 3357 221 3404 σαντες
234 3339 366 3394 ΑΟΒΕΡ
384 3338 599 3411 (προσωρμίζετο
616 3339 698 3411 Nic.)¹
718 3373 751 3381 -
771 3345 803 3394 21
824 3340 1021 3411 ἐπιγενομένου
1039 3341 1134 3394 BMR.

123 3443 159 3450 -
182 3417 215 3464 22
235 3411 386 3483 ἐρχομένου
408 3412 473 3465 ΒΜ.
498 3444 533 3452 -
556 3417 590 3465 23
609 3411 711 3482 ἀχθεὶς
729 3410 806 3465 ADP
833 3412 1036 3483 (ἀνταυαχθελς
1053 3412 1135 3480 Nm).

198 3603 229 3651 16
249 3615 346 3666 οαρακ.
363 3600 392 3654 ἐν
411 3598 698 3654 κωνσταιτινουπόλει
716 3598 747 3653 ἐν
765 3616 803 3652 στ.
818 3619 876 3669 μεν.
891 3598 921 3652 Ρ.
939 3630 973 3638 -
993 3603 1027 3651 24
1046 3597 1091 3666 ἔτη
1106 3596 1136 3652 Ρ.
