2617 3909
193 232 260 298 674
505 232 692 284 Γαυεοτου
710 232 893 285 nomon

192 382 327 444 θάνατον
349 381 496 454 δειλιάσας
513 380 603 443 ἔδωκε
625 385 687 453 τοῖς
704 378 811 459 πένησι
833 382 955 462 χρυσίου
973 382 1073 462 λίτρας
1094 375 1136 460 λ’,
1162 378 1220 440 καὶ

191 479 272 561 παρὰ
298 480 481 561 προσδοκίαν
507 477 633 560 ύμιάνας
662 477 712 539 καί
739 477 949 558 μεταμεληθεὶς
975 477 1008 539 ἐκ
1034 478 1219 558 διαβολικῆς

192 577 308 657 ἀπάτης
325 583 437 660 θαρρεῖ
449 585 536 638 τούτο
554 578 632 662 φίλῳ
650 575 744 638 αὐτοῦ
762 577 874 660 γνησίῳ
895 575 945 637 καί
960 576 1101 662 πλουσίῳ,
1141 573 1158 636 δ
1182 575 1218 638 δὲ

193 675 267 757 λέγει
289 675 377 760 αύτῷ·
405 676 563 755 μηδαμῶς,
590 668 614 735 ὦ
637 672 794 756 άνθρωπε,
821 673 971 758 παραδέξῃ
999 673 1051 734 τὸν
1073 673 1218 755 πονηρὸν

165 773 333 855 τλογισμδν
359 781 465 834 τούτου
491 771 541 833 καλ
569 771 704 856 λυπήσης
731 773 806 835 θεὸν
832 771 884 833 τὸν
911 771 1069 850 ἐλεήσαντα
1099 788 1133 833 σε
1161 771 1217 832 διὰ
1295 793 1297 852 j

192 871 249 950 τήν
271 870 474 950 ἐλεημοσύνην
490 888 546 931 σου
568 869 619 931 καί
640 869 856 950 ἀναστήσαντα,
879 868 929 931 καί
947 870 1081 931 θάνατον
1103 869 1217 947 αἰφνί-

194 970 262 1030 διον
279 967 378 1042 ἐπάξει
396 985 453 1048 σοι,
475 967 526 1029 καί
545 966 680 1051 άπέλθης
697 966 903 1048 άμετανύητος.
950 976 1002 1029 τοῦ
1026 965 1058 1028 δέ
1081 967 1123 1046 μὴ
1147 989 1216 1028 πει·
1296 1047 1297 1050 ¹

193 1065 342 1146 θομένου,
365 1064 438 1126 ἀλλὰ
458 1064 508 1126 καί
530 1071 642 1145 μᾶλλον
664 1064 950 1144 ἀποδυσπετοῦντος,
975 1064 1033 1144 ἐφη
1056 1064 1132 1146 πρὸς
1156 1064 1215 1126 αύ-

192 1165 245 1226 τδν
270 1161 286 1225 δ
314 1165 414 1243 φίλος·
441 1162 503 1226 ἐπεί
530 1162 785 1244 συμβουλεύοντύς
812 1186 870 1242 μου
897 1163 932 1224 τὰ
959 1162 1033 1245 πρὸς
1060 1165 1216 1244 σωτηρίαν

154 1285 180 1325 ιο
193 1281 249 1325 σου
271 1261 309 1325 ού
331 1260 528 1342 καταδέχεσαι,
551 1262 623 1323 είπω
646 1280 694 1324 σοι
716 1260 815 1342 ἑτέραν
838 1261 960 1341 βουλήν.
1006 1258 1022 1321 δ
1045 1259 1079 1323 δέ
1101 1279 1214 1341 φησιν·

193 1361 284 1422 ποίαν
311 1361 437 1439 ταύτην;
468 1359 519 1421 καί
546 1357 562 1420 δ
589 1358 712 1439 άληθῶς
739 1359 870 1439 ἐλεήμων
900 1358 1087 1440 ἀπεκρίνατο·
1121 1361 1215 1442 δεῦρο

193 1459 237 1532 είς
259 1458 315 1538 τήν
337 1457 495 1536 ἐκκλησίαν
514 1456 565 1518 καί
586 1456 661 1518 είπέ·
686 1456 742 1519 ούκ
763 1458 823 1536 είμι
841 1456 908 1538 ἐγώ,
930 1457 1023 1540 κύριε,
1046 1456 1062 1520 δ
1081 1459 1215 1538 ποιήσας

193 1557 249 1635 τήν
272 1555 474 1635 ἐλεημοσύνην
495 1553 623 1635 ἐκείνην,
646 1551 710 1616 ἀλλ’
732 1549 817 1628 ούτός
839 1555 929 1634 ἐστιν,
952 1554 1003 1616 καί
1025 1553 1143 1636 παρέξω
1164 1575 1215 1618 σοι
1296 1605 1297 1608 ¹

194 1653 246 1726 τὰς
268 1650 298 1713 λ’
321 1654 419 1734 λίτρας
445 1650 567 1726 εύθέως.
613 1651 629 1714 δ
652 1651 685 1716 δὲ
707 1654 891 1734 ταλαίπωρος
913 1653 1025 1727 ἐκεῖνος
1047 1652 1215 1734 ἄνθρωπος
1296 1697 1297 1700 =

156 1773 182 1813 ιτ
196 1748 380 1830 συνθέμενος
402 1760 488 1812 τοῦτο
511 1750 562 1812 καί
583 1752 659 1833 πρὸς
681 1753 736 1832 τήν
753 1752 911 1831 ἐκκλησίαν
930 1750 1070 1814 ἀπελθὼν
1089 1751 1120 1814 τὸ
1140 1777 1214 1834 χρυ-

196 1851 262 1910 σίον
288 1848 321 1910 ἐν
348 1847 427 1930 χερσί
453 1847 554 1930 λαβὼν
580 1848 630 1910 καί
657 1849 690 1911 τὸ
719 1847 924 1930 συμφωνηθέν
955 1850 1083 1929 λαλήσας
1110 1850 1143 1912 ἐν
1175 1858 1218 1936 τῷ
1296 1861 1297 1921 ξ

195 1944 363 2028 ἐξέρχεσθαι
393 1945 486 2008 αύτδν
515 1945 613 2009 πεσὼν
643 1947 724 2028 παρὰ
756 1948 811 2028 την
842 1947 941 2026 πύλην
972 1958 1024 2028 τής
1056 1947 1214 2028 ἐκκλησίας

195 2044 355 2107 ἀπέθανεν.
401 2045 521 2107 πάντων
548 2037 605 2107 ούν
631 2055 691 2106 τῶν
717 2044 899 2128 εὑρεθέντων
923 2045 1009 2131 φόβῳ
1035 2044 1086 2106 καί
1112 2046 1213 2130 τρόμῳ

195 2141 409 2224 συσχεθέντων,
426 2141 478 2204 τδν
494 2144 696 2226 δικαιοκρίτην
709 2142 759 2204 καλ
778 2142 1012 2225 ἀπαραλύγιστον
1029 2143 1104 2205 θεὸν
1117 2144 1212 2223 ύμνο-
1295 2203 1296 2218 ,

156 2264 184 2304 το
198 2241 337 2322 λύγησαν.
381 2250 441 2302 τῶν
463 2239 496 2303 δέ
513 2247 661 2323 κληρικῶν
683 2241 927 2323 προτρεπομένων
949 2241 1010 2303 τὸν
1023 2242 1130 2323 κύριον
1152 2251 1213 2302 τῶν
1295 2233 1296 2303 ί

195 2339 385 2418 νομισμάτων
407 2348 461 2400 τού
483 2341 584 2419 λαβεῖν
606 2339 643 2401 τά
665 2340 741 2420 ἴδια,
764 2339 953 2424 παρητήσατο
976 2337 1026 2400 καί
1048 2333 1143 2400 είπεν·
1169 2340 1211 2419 μή

269 2533 284 2581 3
304 2524 376 2599 φίλῳ
391 2528 478 2582 αὐτοῦ
491 2535 573 2582 τοῦτο
587 2528 645 2582 RV.
662 2561 695 2568 —
714 2535 731 2582 4
745 2527 897 2597 παραδέξει
910 2526 1022 2582 AOGP.
1038 2558 1071 2567 —
1091 2533 1144 2581 4.5
1160 2527 1211 2584 τὸν

197 2599 328 2668 λογισμὸν
346 2607 447 2654 τούτου
463 2598 515 2653 τὸν
528 2599 654 2669 πονηρὸν
668 2599 727 2653 RV.
743 2631 776 2640 —
796 2605 812 2654 ὁ
831 2601 881 2654 τὸν
895 2599 966 2654 θεὸν
979 2596 1040 2652 ΕΒ.
1056 2629 1091 2638 -
1109 2603 1125 2652 8
1141 2599 1212 2653 ἀλλὰ

196 2672 300 2740 μᾶλλον
318 2670 367 2724 καλ
382 2668 402 2724 G
420 2670 470 2724 καί
487 2672 590 2739 μᾶλλον
603 2674 665 2741 (om.
681 2671 759 2741 αλλὰ)
773 2671 799 2724 Β,
817 2670 887 2724 άλλδι
900 2673 1003 2740 μᾶλλον
1022 2672 1083 2739 (om.
1098 2670 1158 2739 καί)
1171 2669 1211 2724 Μ.

196 2772 233 2782 -
251 2746 267 2795 9
285 2761 334 2811 μοι
350 2740 462 2796 OGLN.
478 2772 510 2781 -
532 2746 565 2796 10
584 2743 646 2813 σου]
666 2743 700 2797 σθ
713 2742 739 2795 R
756 2759 807 2797 om.
822 2741 905 2796 ABL.
920 2774 955 2782 —
974 2739 1142 2810 καταδέχεσε
1156 2739 1213 2795 ΟΜ

196 2812 336 2884 καταδέχη
350 2813 427 2866 BLV
440 2844 475 2853 -
495 2819 528 2866 13
547 2809 657 2882 ἐκείνην
676 2830 725 2868 om.
743 2813 807 2868 NR.
825 2845 859 2854 -
879 2819 912 2867 14
931 2812 1086 2880 ἄνθρωπος
1104 2813 1212 2876 ἐκεῖνος

196 2885 260 2938 AM.
276 2917 308 2925 —
329 2890 362 2938 17
380 2882 438 2952 ἐξέρ
459 2927 464 2937 .
480 2884 567 2939 αύτδν
579 2884 631 2954 τήν
644 2884 736 2953 πύλην
750 2887 809 2954 (τῆς
821 2884 910 2953 πύλης
923 2899 992 2938 rece.
1007 2882 1148 2952 nonnulli)
1161 2892 1212 2953 τῆς
1294 2943 1295 2954 ρ

196 2957 269 3012 ἐκκλ.
283 2957 376 3012 πεσὼν
394 2906 481 3010 άπέθ,
496 2954 560 3011 RV.·
574 2986 607 2995 —
627 2961 662 3009 20
680 2958 719 3030 τῷ
732 2953 819 3030 κυρίῳ
837 2955 893 3010 PV.

224 3147 230 3162 ι
271 3123 285 3170 1
299 3114 416 3187 χρυσίου
430 3112 586 3183 νομίσματα
599 3115 700 3184 λήιρας
718 3115 744 3170 λ’
760 3115 790 3170 Ρ.
806 3147 840 3156 -
858 3121 873 3169 3
888 3115 997 3185 ἀπάτης
1011 3111 1060 3183 ἐφ’
1077 3110 1121 3177 οίς
1135 3113 1211 3170 ἐποί-

197 3204 273 3256 ησεν,
290 3192 397 3256 θαρρεῖ
412 3186 442 3242 Ρ.
461 3219 497 3227 -
515 3192 567 3241 94
587 3187 602 3240 δ
621 3186 654 3242 δέ
672 3204 770 3257 φησιν·
790 3189 923 3257 μηδαμῶς
940 3186 970 3239 P.
991 3219 1024 3226 —
1046 3192 1062 3240 9
1082 3185 1097 3239 ὁ
1117 3183 1210 3259 φίλος]

198 3256 283 3312 πάλιν
306 3259 336 3312 Ρ.
360 3291 393 3300 -
422 3264 438 3312 9
462 3257 609 3312 ἐπεί-11
632 3257 803 3326 ἀπεκρίνατο
827 3275 877 3314 mn.
903 3258 933 3312 Ρ.
958 3289 991 3298 -
1022 3264 1053 3311 11
1079 3258 1130 3312 ούκ
1159 3255 1211 3313 οὖν

199 3331 284 3394 δεῦρο
303 3328 332 3382 Ρ.
358 3361 390 3368 -
415 3335 519 3398 14-μ.
535 3334 626 3397 675‚1
649 3331 690 3384 είσ
711 3332 743 3383 in
765 3330 799 3384 P:
826 3327 939 3393 ευθέως.
969 3327 1036 3384 δδέ
1058 3328 1212 3399 προθύμως
1293 3367 1294 3372 ,

199 3397 333 3452 ἀπελθὼν
355 3400 404 3452 καί
425 3398 476 3461 τὰς
497 3399 524 3452 λ’
539 3397 634 3468 λίτρας
651 3401 744 3470 λαβὼν
764 3399 860 3455 πίπτει
882 3400 961 3469 παρὰ
983 3399 1035 3469 τήν
1052 3401 1144 3470 πύλην
1162 3407 1212 3469 τῆς

200 3465 345 3536 ἐκκλησίας
363 3467 540 3539 ἐξερχόμενος
557 3470 606 3524 καί
619 3473 767 3538 παρευθύς
783 3470 923 3542 ἐξέψυξεν.
951 3470 1066 3527 πάντων
1086 3469 1138 3526 ούν
1155 3481 1211 3527 τῶν

200 3541 338 3606 κληρικῶν
356 3556 487 3606 προτρεπ.
506 3545 544 3611 τῷ
562 3539 649 3613 κυρίῳ
668 3549 723 3596 τῶν
742 3562 802 3611 νομ,
821 3545 917 3614 λαβεῖν
935 3563 958 3598 τ.
978 3542 1039 3597 ίδια
1058 3538 1119 3598 είττε
1142 3545 1212 3613 μετὰ

200 3613 309 3675 φωνῆς·
329 3608 365 3677 μή
384 3606 492 3677 γένοιτό
510 3630 564 3679 μοι.
