<?xml version="1.0" encoding="UTF-8"?>
<!DOCTYPE html PUBLIC "-//W3C//DTD XHTML 1.0 Transitional//EN"
    "http://www.w3.org/TR/xhtml1/DTD/xhtml1-transitional.dtd">
<html xmlns="http://www.w3.org/1999/xhtml" xml:lang="en" lang="en">
 <head>
  <title>
</title>
<meta http-equiv="Content-Type" content="text/html;charset=utf-8" />
  <meta name='ocr-system' content='tesseract 3.04.00' />
  <meta name='ocr-capabilities' content='ocr_page ocr_carea ocr_par ocr_line ocrx_word'/>
</head>
<body>
  <div class='ocr_page' id='page_1' title='image "./georgiimonachic00boorgoog_0229.png"; bbox 0 0 2617 3909; ppageno 0'>
   <div class='ocr_carea' id='block_1_1' title="bbox 541 248 1145 313">
    <p class='ocr_par' dir='ltr' id='par_1_1' title="bbox 541 248 1145 313">
     <span class='ocr_line' id='line_1_1' title="bbox 541 248 1145 313; baseline -0.005 -10"><span class='ocrx_word' id='word_1_1' title='bbox 541 251 730 303; x_wconf 84' lang='lat' dir='ltr'>XPONIKON</span> <span class='ocrx_word' id='word_1_2' title='bbox 1079 248 1145 313; x_wconf 83' lang='lat'><strong><em>603</em></strong></span> 
     </span>
    </p>
   </div>
   <div class='ocr_carea' id='block_1_2' title="bbox 125 394 1189 2341">
    <p class='ocr_par' dir='ltr' id='par_1_2' title="bbox 125 394 1189 2341">
     <span class='ocr_line' id='line_1_2' title="bbox 198 394 1146 481; baseline 0 -21"><span class='ocrx_word' id='word_1_3' title='bbox 198 397 288 461; x_wconf 82' lang='grc' dir='ltr'><strong><em>Μετὰ</em></strong></span> <span class='ocrx_word' id='word_1_4' title='bbox 310 398 343 461; x_wconf 83' lang='grc' dir='ltr'><strong><em>δέ</em></strong></span> <span class='ocrx_word' id='word_1_5' title='bbox 364 422 396 481; x_wconf 89' lang='grc' dir='ltr'><strong><em>γε</em></strong></span> <span class='ocrx_word' id='word_1_6' title='bbox 419 398 474 479; x_wconf 74' lang='grc' dir='ltr'><strong><em>τὴν</em></strong></span> <span class='ocrx_word' id='word_1_7' title='bbox 490 394 633 462; x_wconf 79' lang='grc' dir='ltr'><strong>Ἰωάννου</strong></span> <span class='ocrx_word' id='word_1_8' title='bbox 655 398 792 478; x_wconf 73' lang='grc' dir='ltr'><strong><em>τελευτὴν</em></strong></span> <span class='ocrx_word' id='word_1_9' title='bbox 814 397 973 473; x_wconf 82' lang='grc' dir='ltr'><strong><em>έπίσκοπός</em></strong></span> <span class='ocrx_word' id='word_1_10' title='bbox 991 421 1035 471; x_wconf 88' lang='grc' dir='ltr'><strong><em>τις</em></strong></span> <span class='ocrx_word' id='word_1_11' title='bbox 1052 398 1146 479; x_wconf 76' lang='grc' dir='ltr'><strong><em>ἅγιος,</em></strong></span> 
     </span>
     <span class='ocr_line' id='line_1_3' title="bbox 125 490 1145 583; baseline -0.002 -23"><span class='ocrx_word' id='word_1_12' title='bbox 125 492 283 578; x_wconf 83' lang='grc' dir='ltr'><strong><em>’Λδελγιὸς</em></strong></span> <span class='ocrx_word' id='word_1_13' title='bbox 306 495 401 578; x_wconf 75' lang='grc' dir='ltr'><strong><em>ὄνομα</em></strong></span> <span class='ocrx_word' id='word_1_14' title='bbox 428 497 518 583; x_wconf 78' lang='grc' dir='ltr'><strong><em>αύτῷ,</em></strong></span> <span class='ocrx_word' id='word_1_15' title='bbox 547 498 643 579; x_wconf 86' lang='grc' dir='ltr'><strong><em>έλεγεν</em></strong></span> <span class='ocrx_word' id='word_1_16' title='bbox 667 497 723 558; x_wconf 80' lang='grc' dir='ltr'><strong><em>ὅτι·</em></strong></span> <span class='ocrx_word' id='word_1_17' title='bbox 751 497 850 575; x_wconf 98' lang='grc' dir='ltr'><strong><em>λύπην</em></strong></span> <span class='ocrx_word' id='word_1_18' title='bbox 876 490 955 577; x_wconf 80' lang='grc' dir='ltr'><strong><em>εἶχον</em></strong></span> <span class='ocrx_word' id='word_1_19' title='bbox 982 494 1145 577; x_wconf 73' lang='grc' dir='ltr'><strong><em>ἀφόρητον,</em></strong></span> 
     </span>
     <span class='ocr_line' id='line_1_4' title="bbox 126 591 1146 677; baseline -0.004 -19"><span class='ocrx_word' id='word_1_20' title='bbox 126 597 209 669; x_wconf 88' lang='grc' dir='ltr'><strong><em>διότι</em></strong></span> <span class='ocrx_word' id='word_1_21' title='bbox 232 594 247 656; x_wconf 83' lang='grc' dir='ltr'><em>ὅ</em></span> <span class='ocrx_word' id='word_1_22' title='bbox 266 604 399 669; x_wconf 79' lang='grc' dir='ltr'><strong><em>τοιοῦτος</em></strong></span> <span class='ocrx_word' id='word_1_23' title='bbox 421 594 509 677; x_wconf 80' lang='grc' dir='ltr'><strong><em>ἀνήρ,</em></strong></span> <span class='ocrx_word' id='word_1_24' title='bbox 532 592 619 675; x_wconf 80' lang='grc' dir='ltr'><strong><em>ὁτῆς</em></strong></span> <span class='ocrx_word' id='word_1_25' title='bbox 640 592 818 673; x_wconf 74' lang='grc' dir='ltr'><em>οἰκουμένης</em></span> <span class='ocrx_word' id='word_1_26' title='bbox 841 594 1027 674; x_wconf 87' lang='grc' dir='ltr'><strong><em>διδάσκαλος,</em></strong></span> <span class='ocrx_word' id='word_1_27' title='bbox 1050 591 1067 655; x_wconf 82' lang='grc' dir='ltr'>ὁ</span> <span class='ocrx_word' id='word_1_28' title='bbox 1085 600 1146 668; x_wconf 83' lang='grc' dir='ltr'><strong><em>τοῖς</em></strong></span> 
     </span>
     <span class='ocr_line' id='line_1_5' title="bbox 129 691 1145 776; baseline -0.003 -20"><span class='ocrx_word' id='word_1_29' title='bbox 129 694 230 776; x_wconf 80' lang='grc' dir='ltr'><strong><em>λόγοις</em></strong></span> <span class='ocrx_word' id='word_1_30' title='bbox 252 693 404 775; x_wconf 85' lang='grc' dir='ltr'><strong><em>εύφράνας</em></strong></span> <span class='ocrx_word' id='word_1_31' title='bbox 427 694 481 773; x_wconf 78' lang='grc' dir='ltr'><strong><em>τὴν</em></strong></span> <span class='ocrx_word' id='word_1_32' title='bbox 504 692 662 773; x_wconf 72' lang='grc' dir='ltr'><strong><em>ἐκκλησίαν</em></strong></span> <span class='ocrx_word' id='word_1_33' title='bbox 684 702 737 753; x_wconf 78' lang='grc' dir='ltr'><strong><em>τοῦ</em></strong></span> <span class='ocrx_word' id='word_1_34' title='bbox 759 699 849 772; x_wconf 80' lang='grc' dir='ltr'><strong><em>θεοῦ,</em></strong></span> <span class='ocrx_word' id='word_1_35' title='bbox 877 692 932 765; x_wconf 77' lang='grc' dir='ltr'><strong><em>ἔξω</em></strong></span> <span class='ocrx_word' id='word_1_36' title='bbox 955 700 1008 753; x_wconf 80' lang='grc' dir='ltr'><strong><em>τοῦ</em></strong></span> <span class='ocrx_word' id='word_1_37' title='bbox 1029 691 1145 774; x_wconf 83' lang='grc' dir='ltr'><strong><em>θρόνον</em></strong></span> 
     </span>
     <span class='ocr_line' id='line_1_6' title="bbox 128 783 1185 872; baseline -0.004 -18"><span class='ocrx_word' id='word_1_38' title='bbox 128 791 290 872; x_wconf 70' lang='grc' dir='ltr'><strong><em>ἐκοιμήθη.</em></strong></span> <span class='ocrx_word' id='word_1_39' title='bbox 336 791 461 871; x_wconf 77' lang='grc' dir='ltr'><strong><em>ἐδεόμην</em></strong></span> <span class='ocrx_word' id='word_1_40' title='bbox 489 783 545 853; x_wconf 75' lang='grc' dir='ltr'><strong><em>οὖν</em></strong></span> <span class='ocrx_word' id='word_1_41' title='bbox 572 799 625 852; x_wconf 84' lang='grc' dir='ltr'><strong><em>τού</em></strong></span> <span class='ocrx_word' id='word_1_42' title='bbox 651 796 728 853; x_wconf 79' lang='grc' dir='ltr'><strong><em>θεοῦ</em></strong></span> <span class='ocrx_word' id='word_1_43' title='bbox 756 789 826 870; x_wconf 82' lang='grc' dir='ltr'><strong><em>μετὰ</em></strong></span> <span class='ocrx_word' id='word_1_44' title='bbox 852 794 969 851; x_wconf 83' lang='grc' dir='ltr'><strong><em>πολλῶν</em></strong></span> <span class='ocrx_word' id='word_1_45' title='bbox 997 790 1146 872; x_wconf 87' lang='grc' dir='ltr'><strong><em>δακρύων,</em></strong></span> <span class='ocrx_word' id='word_1_46' title='bbox 1174 810 1185 849; x_wconf 83' lang='grc' dir='ltr'><strong><em>ι</em></strong></span> 
     </span>
     <span class='ocr_line' id='line_1_7' title="bbox 130 887 1147 973; baseline -0.002 -23"><span class='ocrx_word' id='word_1_47' title='bbox 130 890 182 950; x_wconf 77' lang='grc' dir='ltr'><strong><em>ἵνα</em></strong></span> <span class='ocrx_word' id='word_1_48' title='bbox 205 889 287 973; x_wconf 82' lang='grc' dir='ltr'><strong><em>δείξη</em></strong></span> <span class='ocrx_word' id='word_1_49' title='bbox 311 912 361 967; x_wconf 90' lang='grc' dir='ltr'><strong><em>μοι</em></strong></span> <span class='ocrx_word' id='word_1_50' title='bbox 384 888 475 951; x_wconf 78' lang='grc' dir='ltr'><strong><em>αὐτὸν</em></strong></span> <span class='ocrx_word' id='word_1_51' title='bbox 497 889 530 951; x_wconf 77' lang='grc' dir='ltr'><strong><em>ἐν</em></strong></span> <span class='ocrx_word' id='word_1_52' title='bbox 553 889 625 973; x_wconf 78' lang='grc' dir='ltr'><strong><em>ποίρι</em></strong></span> <span class='ocrx_word' id='word_1_53' title='bbox 647 888 819 949; x_wconf 81' lang='grc' dir='ltr'><strong><em>καταστάσει</em></strong></span> <span class='ocrx_word' id='word_1_54' title='bbox 841 887 930 967; x_wconf 87' lang='grc' dir='ltr'><strong><em>ε’στίν,</em></strong></span> <span class='ocrx_word' id='word_1_55' title='bbox 955 887 1005 949; x_wconf 77' lang='grc' dir='ltr'><strong><em>καί</em></strong></span> <span class='ocrx_word' id='word_1_56' title='bbox 1027 888 1055 949; x_wconf 82' lang='grc' dir='ltr'><strong><em>εἰ</em></strong></span> <span class='ocrx_word' id='word_1_57' title='bbox 1075 887 1147 967; x_wconf 81' lang='grc' dir='ltr'><strong><em>μετὰ</em></strong></span> 
     </span>
     <span class='ocr_line' id='line_1_8' title="bbox 129 977 1147 1069; baseline 0 -22"><span class='ocrx_word' id='word_1_58' title='bbox 129 996 191 1048; x_wconf 84' lang='grc' dir='ltr'><strong><em>τῶν</em></strong></span> <span class='ocrx_word' id='word_1_59' title='bbox 214 995 400 1068; x_wconf 82' lang='grc' dir='ltr'><strong><em>πατριαρχῶν</em></strong></span> <span class='ocrx_word' id='word_1_60' title='bbox 422 986 518 1068; x_wconf 81' lang='grc' dir='ltr'><strong><em>έτάγη.</em></strong></span> <span class='ocrx_word' id='word_1_61' title='bbox 559 985 607 1047; x_wconf 75' lang='grc' dir='ltr'><strong><em>ἐπὶ</em></strong></span> <span class='ocrx_word' id='word_1_62' title='bbox 629 986 725 1047; x_wconf 83' lang='grc' dir='ltr'><strong><em>πολὺν</em></strong></span> <span class='ocrx_word' id='word_1_63' title='bbox 748 977 804 1047; x_wconf 84' lang='grc' dir='ltr'><strong><em>ούν</em></strong></span> <span class='ocrx_word' id='word_1_64' title='bbox 826 986 934 1069; x_wconf 84' lang='grc' dir='ltr'><strong><em>χρόνον</em></strong></span> <span class='ocrx_word' id='word_1_65' title='bbox 956 995 1042 1047; x_wconf 85' lang='grc' dir='ltr'><strong><em>τοῦτο</em></strong></span> <span class='ocrx_word' id='word_1_66' title='bbox 1065 986 1147 1067; x_wconf 82' lang='grc' dir='ltr'><strong><em>εύχό·</em></strong></span> 
     </span>
     <span class='ocr_line' id='line_1_9' title="bbox 130 1081 1146 1170; baseline -0.002 -23"><span class='ocrx_word' id='word_1_67' title='bbox 130 1109 221 1166; x_wconf 88' lang='grc' dir='ltr'><strong><em>μενος</em></strong></span> <span class='ocrx_word' id='word_1_68' title='bbox 247 1084 280 1147; x_wconf 76' lang='grc' dir='ltr'><strong><em>ἐν</em></strong></span> <span class='ocrx_word' id='word_1_69' title='bbox 302 1092 356 1170; x_wconf 76' lang='grc' dir='ltr'><strong><em>μιᾷ</em></strong></span> <span class='ocrx_word' id='word_1_70' title='bbox 377 1087 497 1167; x_wconf 89' lang='grc' dir='ltr'><strong><em>γίνομαι</em></strong></span> <span class='ocrx_word' id='word_1_71' title='bbox 525 1083 557 1147; x_wconf 77' lang='grc' dir='ltr'><strong><em>ἐν</em></strong></span> <span class='ocrx_word' id='word_1_72' title='bbox 579 1084 711 1147; x_wconf 77' lang='grc' dir='ltr'><strong><em>ἐκστάσει</em></strong></span> <span class='ocrx_word' id='word_1_73' title='bbox 736 1083 787 1145; x_wconf 82' lang='grc' dir='ltr'><strong><em>καί</em></strong></span> <span class='ocrx_word' id='word_1_74' title='bbox 809 1090 915 1165; x_wconf 83' lang='grc' dir='ltr'><strong><em>θεωρῶ</em></strong></span> <span class='ocrx_word' id='word_1_75' title='bbox 943 1081 1039 1165; x_wconf 86' lang='grc' dir='ltr'><strong><em>άνδρα</em></strong></span> <span class='ocrx_word' id='word_1_76' title='bbox 1065 1084 1146 1145; x_wconf 92' lang='grc' dir='ltr'><strong><em>πάνυ</em></strong></span> 
     </span>
     <span class='ocr_line' id='line_1_10' title="bbox 130 1178 1147 1265; baseline -0.001 -21"><span class='ocrx_word' id='word_1_77' title='bbox 130 1182 232 1261; x_wconf 76' lang='grc' dir='ltr'><strong><em>εὐειδῆ</em></strong></span> <span class='ocrx_word' id='word_1_78' title='bbox 260 1182 446 1265; x_wconf 78' lang='grc' dir='ltr'><strong><em>κρατήσαντά</em></strong></span> <span class='ocrx_word' id='word_1_79' title='bbox 473 1205 508 1262; x_wconf 87' lang='grc' dir='ltr'><strong><em>με</em></strong></span> <span class='ocrx_word' id='word_1_80' title='bbox 535 1190 587 1262; x_wconf 81' lang='grc' dir='ltr'><strong><em>τῆς</em></strong></span> <span class='ocrx_word' id='word_1_81' title='bbox 611 1183 708 1257; x_wconf 80' lang='grc' dir='ltr'><strong><em>δεξιᾶς</em></strong></span> <span class='ocrx_word' id='word_1_82' title='bbox 735 1180 844 1263; x_wconf 83' lang='grc' dir='ltr'><strong><em>χειρός,</em></strong></span> <span class='ocrx_word' id='word_1_83' title='bbox 871 1178 904 1255; x_wconf 80' lang='grc' dir='ltr'><strong><em>ὃς</em></strong></span> <span class='ocrx_word' id='word_1_84' title='bbox 927 1180 1089 1262; x_wconf 85' lang='grc' dir='ltr'><strong><em>ἀπαγαγών</em></strong></span> <span class='ocrx_word' id='word_1_85' title='bbox 1112 1206 1147 1261; x_wconf 84' lang='grc' dir='ltr'><strong><em>με</em></strong></span> 
     </span>
     <span class='ocr_line' id='line_1_11' title="bbox 131 1276 1187 1361; baseline -0.004 -19"><span class='ocrx_word' id='word_1_86' title='bbox 131 1280 176 1355; x_wconf 88' lang='grc' dir='ltr'><strong><em>είς</em></strong></span> <span class='ocrx_word' id='word_1_87' title='bbox 198 1279 290 1341; x_wconf 88' lang='grc' dir='ltr'><strong><em>τόπον</em></strong></span> <span class='ocrx_word' id='word_1_88' title='bbox 317 1280 452 1361; x_wconf 89' lang='grc' dir='ltr'><strong><em>λαμπρὸν</em></strong></span> <span class='ocrx_word' id='word_1_89' title='bbox 478 1278 529 1341; x_wconf 84' lang='grc' dir='ltr'><strong><em>κοιλ</em></strong></span> <span class='ocrx_word' id='word_1_90' title='bbox 554 1278 753 1361; x_wconf 85' lang='grc' dir='ltr'><strong><em>ύπερένδοξον</em></strong></span> <span class='ocrx_word' id='word_1_91' title='bbox 775 1276 907 1340; x_wconf 79' lang='grc' dir='ltr'><strong><em>ἕδείκνοέ</em></strong></span> <span class='ocrx_word' id='word_1_92' title='bbox 928 1301 979 1358; x_wconf 89' lang='grc' dir='ltr'><strong><em>μοι</em></strong></span> <span class='ocrx_word' id='word_1_93' title='bbox 1003 1278 1073 1352; x_wconf 87' lang='grc' dir='ltr'><strong><em>τοὺς</em></strong></span> <span class='ocrx_word' id='word_1_94' title='bbox 1094 1289 1147 1359; x_wconf 81' lang='grc' dir='ltr'><strong><em>της</em></strong></span> <span class='ocrx_word' id='word_1_95' title='bbox 1161 1299 1187 1339; x_wconf 83' lang='grc' dir='ltr'><strong><em>ιο</em></strong></span> 
     </span>
     <span class='ocr_line' id='line_1_12' title="bbox 133 1376 1147 1459; baseline -0.005 -18"><span class='ocrx_word' id='word_1_96' title='bbox 133 1378 290 1458; x_wconf 77' lang='grc' dir='ltr'><strong><em>ἐκκλησίας</em></strong></span> <span class='ocrx_word' id='word_1_97' title='bbox 312 1379 517 1451; x_wconf 87' lang='grc' dir='ltr'><strong><em>διδασκάλους.</em></strong></span> <span class='ocrx_word' id='word_1_98' title='bbox 563 1376 619 1459; x_wconf 75' lang='grc' dir='ltr'><strong><em>ἐγὼ</em></strong></span> <span class='ocrx_word' id='word_1_99' title='bbox 640 1376 685 1457; x_wconf 83' lang='grc' dir='ltr'><strong><em>δέ,</em></strong></span> <span class='ocrx_word' id='word_1_100' title='bbox 709 1378 813 1457; x_wconf 80' lang='grc' dir='ltr'><strong><em>φησίν,</em></strong></span> <span class='ocrx_word' id='word_1_101' title='bbox 836 1376 1049 1457; x_wconf 73' lang='grc' dir='ltr'><strong><em>περιεσκόπουν</em></strong></span> <span class='ocrx_word' id='word_1_102' title='bbox 1073 1377 1147 1437; x_wconf 87' lang='grc' dir='ltr'><strong><em>ι’δεῐν</em></strong></span> 
     </span>
     <span class='ocr_line' id='line_1_13' title="bbox 133 1469 1148 1557; baseline -0.003 -20"><span class='ocrx_word' id='word_1_103' title='bbox 133 1473 170 1537; x_wconf 80' lang='grc' dir='ltr'><strong><em>ὃν</em></strong></span> <span class='ocrx_word' id='word_1_104' title='bbox 192 1476 386 1555; x_wconf 68' lang='grc' dir='ltr'><strong><em>καταθυμίης</em></strong></span> <span class='ocrx_word' id='word_1_105' title='bbox 408 1470 502 1557; x_wconf 80' lang='grc' dir='ltr'><strong><em>εἶχον,</em></strong></span> <span class='ocrx_word' id='word_1_106' title='bbox 529 1475 581 1538; x_wconf 87' lang='grc' dir='ltr'><strong><em>τὸν</em></strong></span> <span class='ocrx_word' id='word_1_107' title='bbox 605 1473 697 1556; x_wconf 87' lang='grc' dir='ltr'><strong><em>μέγαν</em></strong></span> <span class='ocrx_word' id='word_1_108' title='bbox 716 1469 875 1554; x_wconf 88' lang='grc' dir='ltr'><strong><em>Ἰωάννην,</em></strong></span> <span class='ocrx_word' id='word_1_109' title='bbox 902 1472 954 1534; x_wconf 87' lang='grc' dir='ltr'><strong><em>τὸν</em></strong></span> <span class='ocrx_word' id='word_1_110' title='bbox 976 1472 1048 1553; x_wconf 88' lang='grc' dir='ltr'><strong><em>έμὸν</em></strong></span> <span class='ocrx_word' id='word_1_111' title='bbox 1075 1472 1148 1555; x_wconf 87' lang='grc' dir='ltr'><strong><em>ἀγα-</em></strong></span> 
     </span>
     <span class='ocr_line' id='line_1_14' title="bbox 132 1565 1147 1655; baseline -0.004 -20"><span class='ocrx_word' id='word_1_112' title='bbox 132 1574 237 1655; x_wconf 86' lang='grc' dir='ltr'><strong><em>πητόν.</em></strong></span> <span class='ocrx_word' id='word_1_113' title='bbox 283 1571 324 1647; x_wconf 81' lang='grc' dir='ltr'><strong><em>ὡς</em></strong></span> <span class='ocrx_word' id='word_1_114' title='bbox 351 1565 406 1634; x_wconf 82' lang='grc' dir='ltr'><strong><em>ούν</em></strong></span> <span class='ocrx_word' id='word_1_115' title='bbox 433 1571 524 1647; x_wconf 83' lang='grc' dir='ltr'><strong><em>έδειξέ</em></strong></span> <span class='ocrx_word' id='word_1_116' title='bbox 551 1596 602 1653; x_wconf 88' lang='grc' dir='ltr'><strong><em>μοι</em></strong></span> <span class='ocrx_word' id='word_1_117' title='bbox 632 1573 746 1646; x_wconf 88' lang='grc' dir='ltr'><strong><em>πάντας</em></strong></span> <span class='ocrx_word' id='word_1_118' title='bbox 776 1572 827 1633; x_wconf 81' lang='grc' dir='ltr'><strong><em>καί</em></strong></span> <span class='ocrx_word' id='word_1_119' title='bbox 854 1571 977 1633; x_wconf 80' lang='grc' dir='ltr'><strong><em>ἑκάστου</em></strong></span> <span class='ocrx_word' id='word_1_120' title='bbox 1009 1573 1041 1634; x_wconf 83' lang='grc' dir='ltr'><strong><em>τό</em></strong></span> <span class='ocrx_word' id='word_1_121' title='bbox 1070 1572 1147 1633; x_wconf 61' lang='grc' dir='ltr'><strong><em>θιον</em></strong></span> 
     </span>
     <span class='ocr_line' id='line_1_15' title="bbox 134 1666 1149 1754; baseline -0.003 -21"><span class='ocrx_word' id='word_1_122' title='bbox 134 1670 230 1751; x_wconf 80' lang='grc' dir='ltr'><strong><em>ὄνομα</em></strong></span> <span class='ocrx_word' id='word_1_123' title='bbox 256 1666 351 1751; x_wconf 80' lang='grc' dir='ltr'><strong><em>εἶπεν,</em></strong></span> <span class='ocrx_word' id='word_1_124' title='bbox 382 1670 530 1754; x_wconf 76' lang='grc' dir='ltr'><strong><em>κρατήσας</em></strong></span> <span class='ocrx_word' id='word_1_125' title='bbox 558 1694 592 1750; x_wconf 86' lang='grc' dir='ltr'><strong><em>με</em></strong></span> <span class='ocrx_word' id='word_1_126' title='bbox 615 1671 705 1732; x_wconf 90' lang='grc' dir='ltr'><strong><em>πάλιν</em></strong></span> <span class='ocrx_word' id='word_1_127' title='bbox 735 1679 789 1750; x_wconf 78' lang='grc' dir='ltr'><strong><em>τῆς</em></strong></span> <span class='ocrx_word' id='word_1_128' title='bbox 813 1669 908 1754; x_wconf 82' lang='grc' dir='ltr'><strong><em>χειρός</em></strong></span> <span class='ocrx_word' id='word_1_129' title='bbox 936 1693 994 1749; x_wconf 91' lang='grc' dir='ltr'><strong><em>μου</em></strong></span> <span class='ocrx_word' id='word_1_130' title='bbox 1026 1667 1149 1751; x_wconf 78' lang='grc' dir='ltr'><strong><em>ἐξήγαγέ</em></strong></span> 
     </span>
     <span class='ocr_line' id='line_1_16' title="bbox 134 1766 1187 1852; baseline -0.001 -22"><span class='ocrx_word' id='word_1_131' title='bbox 134 1792 171 1849; x_wconf 90' lang='grc' dir='ltr'><strong><em>με</em></strong></span> <span class='ocrx_word' id='word_1_132' title='bbox 189 1768 253 1844; x_wconf 77' lang='grc' dir='ltr'><strong><em>ἔξω.</em></strong></span> <span class='ocrx_word' id='word_1_133' title='bbox 291 1768 348 1850; x_wconf 74' lang='grc' dir='ltr'><strong><em>ἐγὼ</em></strong></span> <span class='ocrx_word' id='word_1_134' title='bbox 367 1766 399 1830; x_wconf 80' lang='grc' dir='ltr'><strong><em>δὲ</em></strong></span> <span class='ocrx_word' id='word_1_135' title='bbox 418 1767 617 1849; x_wconf 70' lang='grc' dir='ltr'><strong><em>λελυπημένος</em></strong></span> <span class='ocrx_word' id='word_1_136' title='bbox 639 1767 831 1849; x_wconf 74' lang='grc' dir='ltr'><strong><em>ἠκολούθουν</em></strong></span> <span class='ocrx_word' id='word_1_137' title='bbox 853 1768 932 1852; x_wconf 77' lang='grc' dir='ltr'><strong><em>αύτῷ</em></strong></span> <span class='ocrx_word' id='word_1_138' title='bbox 952 1768 992 1848; x_wconf 76' lang='grc' dir='ltr'><strong><em>μη</em></strong></span> <span class='ocrx_word' id='word_1_139' title='bbox 1012 1766 1148 1851; x_wconf 76' lang='grc' dir='ltr'><strong><em>ἑωρακὼς</em></strong></span> <span class='ocrx_word' id='word_1_140' title='bbox 1162 1788 1187 1829; x_wconf 79' lang='grc' dir='ltr'><strong><em>ιο</em></strong></span> 
     </span>
     <span class='ocr_line' id='line_1_17' title="bbox 133 1858 1148 1965; baseline -0.001 -38"><span class='ocrx_word' id='word_1_141' title='bbox 133 1865 206 1946; x_wconf 82' lang='grc' dir='ltr'><strong><em>μετὰ</em></strong></span> <span class='ocrx_word' id='word_1_142' title='bbox 228 1876 287 1928; x_wconf 80' lang='grc' dir='ltr'><strong><em>τῶν</em></strong></span> <span class='ocrx_word' id='word_1_143' title='bbox 305 1864 512 1965; x_wconf 45' lang='grc' dir='ltr'><strong><em>πατέρωνΙτὸν</em></strong></span> <span class='ocrx_word' id='word_1_144' title='bbox 535 1867 567 1929; x_wconf 82' lang='grc' dir='ltr'><strong><em>έν</em></strong></span> <span class='ocrx_word' id='word_1_145' title='bbox 589 1865 684 1949; x_wconf 84' lang='grc' dir='ltr'><strong><em>ἁγίοις</em></strong></span> <span class='ocrx_word' id='word_1_146' title='bbox 698 1860 851 1945; x_wconf 89' lang='grc' dir='ltr'><strong><em>Ἰωάννην.</em></strong></span> <span class='ocrx_word' id='word_1_147' title='bbox 889 1863 929 1939; x_wconf 79' lang='grc' dir='ltr'><strong><em>ὡς</em></strong></span> <span class='ocrx_word' id='word_1_148' title='bbox 951 1858 1007 1926; x_wconf 85' lang='grc' dir='ltr'><strong><em>ούν</em></strong></span> <span class='ocrx_word' id='word_1_149' title='bbox 1029 1865 1148 1948; x_wconf 78' lang='grc' dir='ltr'><strong><em>ἕξηρχό-</em></strong></span> 
     </span>
     <span class='ocr_line' id='line_1_18' title="bbox 134 1961 1147 2050; baseline -0.001 -26"><span class='ocrx_word' id='word_1_150' title='bbox 134 1987 207 2045; x_wconf 87' lang='grc' dir='ltr'><strong><em>μην,</em></strong></span> <span class='ocrx_word' id='word_1_151' title='bbox 230 1963 246 2027; x_wconf 84' lang='grc' dir='ltr'>ὁ</span> <span class='ocrx_word' id='word_1_152' title='bbox 270 1962 398 2043; x_wconf 78' lang='grc' dir='ltr'><strong><em>ἐφεστὼς</em></strong></span> <span class='ocrx_word' id='word_1_153' title='bbox 420 1972 455 2050; x_wconf 75' lang='grc' dir='ltr'><strong><em>τῇ</em></strong></span> <span class='ocrx_word' id='word_1_154' title='bbox 478 1965 561 2050; x_wconf 76' lang='grc' dir='ltr'><strong><em>θύρᾳ</em></strong></span> <span class='ocrx_word' id='word_1_155' title='bbox 583 1965 736 2045; x_wconf 82' lang='grc' dir='ltr'><strong><em>κατασχών</em></strong></span> <span class='ocrx_word' id='word_1_156' title='bbox 759 1987 793 2043; x_wconf 85' lang='grc' dir='ltr'><strong><em>με</em></strong></span> <span class='ocrx_word' id='word_1_157' title='bbox 818 1961 893 2046; x_wconf 87' lang='grc' dir='ltr'><strong><em>λέγει</em></strong></span> <span class='ocrx_word' id='word_1_158' title='bbox 916 1978 978 2041; x_wconf 88' lang='grc' dir='ltr'><strong><em>μοι·</em></strong></span> <span class='ocrx_word' id='word_1_159' title='bbox 1006 1964 1036 2023; x_wconf 92' lang='grc' dir='ltr'><strong><em>τί</em></strong></span> <span class='ocrx_word' id='word_1_160' title='bbox 1061 1963 1147 2043; x_wconf 73' lang='grc' dir='ltr'><strong><em>έχειςς</em></strong></span> 
     </span>
     <span class='ocr_line' id='line_1_19' title="bbox 133 2058 1148 2144; baseline -0.004 -20"><span class='ocrx_word' id='word_1_161' title='bbox 133 2064 164 2124; x_wconf 88' lang='grc' dir='ltr'><strong><em>τί</em></strong></span> <span class='ocrx_word' id='word_1_162' title='bbox 186 2068 276 2124; x_wconf 85' lang='grc' dir='ltr'><strong><em>λυπεῖ</em></strong></span> <span class='ocrx_word' id='word_1_163' title='bbox 294 2080 339 2138; x_wconf 85' lang='grc' dir='ltr'><strong><em>σε;</em></strong></span> <span class='ocrx_word' id='word_1_164' title='bbox 367 2061 440 2141; x_wconf 77' lang='grc' dir='ltr'><strong><em>ἐμοῦ</em></strong></span> <span class='ocrx_word' id='word_1_165' title='bbox 463 2059 496 2123; x_wconf 81' lang='grc' dir='ltr'><strong><em>δὲ</em></strong></span> <span class='ocrx_word' id='word_1_166' title='bbox 525 2063 565 2143; x_wconf 73' lang='grc' dir='ltr'><strong><em>μὴ</em></strong></span> <span class='ocrx_word' id='word_1_167' title='bbox 593 2060 809 2142; x_wconf 81' lang='grc' dir='ltr'><strong><em>ἀποκριθέντος</em></strong></span> <span class='ocrx_word' id='word_1_168' title='bbox 836 2060 930 2144; x_wconf 78' lang='grc' dir='ltr'><strong><em>αὐτῷ,</em></strong></span> <span class='ocrx_word' id='word_1_169' title='bbox 957 2060 1047 2121; x_wconf 89' lang='grc' dir='ltr'><strong><em>πάλιν</em></strong></span> <span class='ocrx_word' id='word_1_170' title='bbox 1074 2058 1148 2140; x_wconf 87' lang='grc' dir='ltr'><strong><em>λέγει</em></strong></span> 
     </span>
     <span class='ocr_line' id='line_1_20' title="bbox 134 2152 1147 2241; baseline -0.004 -20"><span class='ocrx_word' id='word_1_171' title='bbox 134 2176 198 2239; x_wconf 90' lang='grc' dir='ltr'><strong><em>μοι·</em></strong></span> <span class='ocrx_word' id='word_1_172' title='bbox 227 2158 326 2233; x_wconf 81' lang='grc' dir='ltr'><strong><em>ούδελς</em></strong></span> <span class='ocrx_word' id='word_1_173' title='bbox 353 2158 552 2241; x_wconf 85' lang='grc' dir='ltr'><strong><em>εἰσερχόμενος</em></strong></span> <span class='ocrx_word' id='word_1_174' title='bbox 585 2152 642 2221; x_wconf 80' lang='grc' dir='ltr'><strong><em>ὧδε</em></strong></span> <span class='ocrx_word' id='word_1_175' title='bbox 670 2158 856 2237; x_wconf 89' lang='grc' dir='ltr'><strong><em>λυπούμενος</em></strong></span> <span class='ocrx_word' id='word_1_176' title='bbox 883 2157 972 2218; x_wconf 79' lang='grc' dir='ltr'><strong><em>ἔνθεν</em></strong></span> <span class='ocrx_word' id='word_1_177' title='bbox 999 2155 1147 2238; x_wconf 75' lang='grc' dir='ltr'><strong><em>ἐξέρχεται.</em></strong></span> 
     </span>
     <span class='ocr_line' id='line_1_21' title="bbox 134 2254 1189 2341; baseline -0.002 -23"><span class='ocrx_word' id='word_1_178' title='bbox 134 2256 198 2319; x_wconf 87' lang='grc' dir='ltr'><strong><em>τότε</em></strong></span> <span class='ocrx_word' id='word_1_179' title='bbox 221 2255 293 2338; x_wconf 84' lang='grc' dir='ltr'><strong><em>λέγω</em></strong></span> <span class='ocrx_word' id='word_1_180' title='bbox 316 2257 404 2341; x_wconf 76' lang='grc' dir='ltr'><strong><em>αύτῷ·</em></strong></span> <span class='ocrx_word' id='word_1_181' title='bbox 428 2257 520 2341; x_wconf 88' lang='grc' dir='ltr'><strong><em>ταύτη</em></strong></span> <span class='ocrx_word' id='word_1_182' title='bbox 544 2259 597 2336; x_wconf 91' lang='grc' dir='ltr'><strong><em>μοί</em></strong></span> <span class='ocrx_word' id='word_1_183' title='bbox 617 2257 677 2319; x_wconf 78' lang='grc' dir='ltr'><strong><em>ἔστι</em></strong></span> <span class='ocrx_word' id='word_1_184' title='bbox 700 2256 793 2335; x_wconf 86' lang='grc' dir='ltr'><strong><em>λύπη,</em></strong></span> <span class='ocrx_word' id='word_1_185' title='bbox 821 2255 866 2316; x_wconf 81' lang='grc' dir='ltr'><strong><em>ὅτι</em></strong></span> <span class='ocrx_word' id='word_1_186' title='bbox 888 2255 940 2318; x_wconf 82' lang='grc' dir='ltr'><strong><em>τόν</em></strong></span> <span class='ocrx_word' id='word_1_187' title='bbox 962 2254 1034 2334; x_wconf 77' lang='grc' dir='ltr'><strong><em>ἐμὸν</em></strong></span> <span class='ocrx_word' id='word_1_188' title='bbox 1056 2272 1148 2336; x_wconf 85' lang='grc' dir='ltr'><strong><em>προσ·</em></strong></span> <span class='ocrx_word' id='word_1_189' title='bbox 1162 2277 1189 2316; x_wconf 85' lang='grc' dir='ltr'><strong><em>εο</em></strong></span> 
     </span>
    </p>
   </div>
   <div class='ocr_carea' id='block_1_3' title="bbox 136 2414 1148 2596">
    <p class='ocr_par' dir='ltr' id='par_1_3' title="bbox 136 2414 1148 2596">
     <span class='ocr_line' id='line_1_22' title="bbox 209 2414 1148 2530; baseline -0.002 -22"><span class='ocrx_word' id='word_1_190' title='bbox 209 2462 287 2525; x_wconf 80' lang='grc' dir='ltr'><strong><em>1-γ.</em></strong></span> <span class='ocrx_word' id='word_1_191' title='bbox 299 2460 385 2523; x_wconf 80' lang='grc'><strong><em>604,6</em></strong></span> <span class='ocrx_word' id='word_1_192' title='bbox 404 2455 439 2523; x_wconf 72' lang='lat' dir='ltr'><strong><em>cf.</em></strong></span> <span class='ocrx_word' id='word_1_193' title='bbox 450 2454 511 2510; x_wconf 91' lang='lat' dir='ltr'><strong>Joh.</strong></span> <span class='ocrx_word' id='word_1_194' title='bbox 523 2414 653 2509; x_wconf 74' lang='grc' dir='ltr'><strong><em>Μοεολευε</em></strong></span> <span class='ocrx_word' id='word_1_195' title='bbox 662 2452 779 2507; x_wconf 77' lang='lat' dir='ltr'><strong>Pratum</strong></span> <span class='ocrx_word' id='word_1_196' title='bbox 792 2470 835 2530; x_wconf 69' lang='grc' dir='ltr'><strong><em>ιγ.</em></strong></span> <span class='ocrx_word' id='word_1_197' title='bbox 845 2458 895 2507; x_wconf 79' lang='lat'><strong><em>128</em></strong></span> <span class='ocrx_word' id='word_1_198' title='bbox 910 2452 1006 2523; x_wconf 72' lang='lat' dir='ltr'>Mjgne</span> <span class='ocrx_word' id='word_1_199' title='bbox 1016 2453 1094 2507; x_wconf 82' lang='lat' dir='ltr'><strong>Tom.</strong></span> <span class='ocrx_word' id='word_1_200' title='bbox 1104 2457 1148 2519; x_wconf 76' lang='lat'><strong><em>87,</em></strong></span> 
     </span>
     <span class='ocr_line' id='line_1_23' title="bbox 136 2525 610 2596; baseline -0.008 -15"><span class='ocrx_word' id='word_1_201' title='bbox 136 2530 214 2581; x_wconf 77' lang='lat'>2992.</span> <span class='ocrx_word' id='word_1_202' title='bbox 235 2525 334 2596; x_wconf 84' lang='lat' dir='ltr'><strong>Georg.</strong></span> <span class='ocrx_word' id='word_1_203' title='bbox 349 2525 426 2581; x_wconf 78' lang='lat' dir='ltr'>Alex.</span> <span class='ocrx_word' id='word_1_204' title='bbox 441 2526 459 2580; x_wconf 92' lang='lat' dir='ltr'><strong><em>l.</em></strong></span> <span class='ocrx_word' id='word_1_205' title='bbox 474 2526 493 2580; x_wconf 90' lang='lat'><strong><em>1.</em></strong></span> <span class='ocrx_word' id='word_1_206' title='bbox 506 2543 535 2596; x_wconf 80' lang='grc' dir='ltr'><strong><em>μ.</em></strong></span> <span class='ocrx_word' id='word_1_207' title='bbox 551 2530 610 2578; x_wconf 79' lang='lat'>254.</span> 
     </span>
    </p>
   </div>
   <div class='ocr_carea' id='block_1_4' title="bbox 136 2700 1152 3701">
    <p class='ocr_par' dir='ltr' id='par_1_4' title="bbox 136 2700 1152 3701">
     <span class='ocr_line' id='line_1_24' title="bbox 136 2700 1150 2775; baseline -0.004 -17"><span class='ocrx_word' id='word_1_208' title='bbox 136 2744 138 2753; x_wconf 67' lang='lat'><em>,</em></span> <span class='ocrx_word' id='word_1_209' title='bbox 210 2709 223 2758; x_wconf 93' lang='lat'>1</span> <span class='ocrx_word' id='word_1_210' title='bbox 243 2724 275 2775; x_wconf 87' lang='grc' dir='ltr'><strong><em>γε</em></strong></span> <span class='ocrx_word' id='word_1_211' title='bbox 294 2721 344 2759; x_wconf 86' lang='lat' dir='ltr'><strong><em>om.</em></strong></span> <span class='ocrx_word' id='word_1_212' title='bbox 363 2703 447 2759; x_wconf 80' lang='lat' dir='ltr'>BOF.</span> <span class='ocrx_word' id='word_1_213' title='bbox 472 2734 506 2745; x_wconf 96' lang='lat'><em>-</em></span> <span class='ocrx_word' id='word_1_214' title='bbox 530 2702 699 2773; x_wconf 65' lang='grc' dir='ltr'><strong><em>λάδέλφιος</em></strong></span> <span class='ocrx_word' id='word_1_215' title='bbox 720 2719 792 2758; x_wconf 82' lang='grc' dir='ltr'><strong><em>εοοο.</em></strong></span> <span class='ocrx_word' id='word_1_216' title='bbox 810 2702 927 2773; x_wconf 75' lang='lat' dir='ltr'><strong>quidam</strong></span> <span class='ocrx_word' id='word_1_217' title='bbox 949 2701 1103 2771; x_wconf 82' lang='grc' dir='ltr'><strong><em>άδελφιδδς</em></strong></span> <span class='ocrx_word' id='word_1_218' title='bbox 1120 2700 1150 2754; x_wconf 87' lang='grc' dir='ltr'>Μ</span> 
     </span>
     <span class='ocr_line' id='line_1_25' title="bbox 136 2772 1150 2845; baseline -0.006 -14"><span class='ocrx_word' id='word_1_219' title='bbox 136 2775 286 2845; x_wconf 81' lang='grc' dir='ltr'><strong><em>ἀδελφειὸς</em></strong></span> <span class='ocrx_word' id='word_1_220' title='bbox 305 2775 355 2829; x_wconf 92' lang='grc' dir='ltr'><strong><em>ΒΥ</em></strong></span> <span class='ocrx_word' id='word_1_221' title='bbox 378 2774 478 2844; x_wconf 86' lang='grc' dir='ltr'><strong><em>άλφιος</em></strong></span> <span class='ocrx_word' id='word_1_222' title='bbox 495 2775 525 2829; x_wconf 81' lang='lat' dir='ltr'><strong><em>F.</em></strong></span> <span class='ocrx_word' id='word_1_223' title='bbox 550 2807 585 2816; x_wconf 95' lang='lat'>—</span> <span class='ocrx_word' id='word_1_224' title='bbox 612 2775 658 2829; x_wconf 85' lang='grc' dir='ltr'><strong><em>άδ.</em></strong></span> <span class='ocrx_word' id='word_1_225' title='bbox 678 2773 795 2844; x_wconf 83' lang='grc' dir='ltr'><strong><em>ὀνόματι</em></strong></span> <span class='ocrx_word' id='word_1_226' title='bbox 818 2774 909 2845; x_wconf 79' lang='grc' dir='ltr'><strong><em>ἔλεγεν</em></strong></span> <span class='ocrx_word' id='word_1_227' title='bbox 927 2774 961 2828; x_wconf 87' lang='lat' dir='ltr'><strong><em>N.</em></strong></span> <span class='ocrx_word' id='word_1_228' title='bbox 986 2805 1020 2814; x_wconf 97' lang='lat'>-</span> <span class='ocrx_word' id='word_1_229' title='bbox 1045 2772 1150 2826; x_wconf 75' lang='grc' dir='ltr'><strong><em>’ίπολδ</em></strong></span> 
     </span>
     <span class='ocr_line' id='line_1_26' title="bbox 136 2841 1150 2902; baseline -0.005 -2"><span class='ocrx_word' id='word_1_230' title='bbox 136 2846 242 2901; x_wconf 79' lang='lat' dir='ltr'><strong>ACER</strong></span> <span class='ocrx_word' id='word_1_231' title='bbox 264 2847 354 2901; x_wconf 79' lang='grc' dir='ltr'><strong><em>πολὺν</em></strong></span> <span class='ocrx_word' id='word_1_232' title='bbox 372 2862 439 2901; x_wconf 81' lang='grc' dir='ltr'><strong><em>σοιν.</em></strong></span> <span class='ocrx_word' id='word_1_233' title='bbox 454 2862 488 2901; x_wconf 81' lang='grc' dir='ltr'><strong><em>οτι</em></strong></span> <span class='ocrx_word' id='word_1_234' title='bbox 500 2848 572 2901; x_wconf 81' lang='grc' dir='ltr'><strong><em>πολύ</em></strong></span> <span class='ocrx_word' id='word_1_235' title='bbox 590 2864 624 2901; x_wconf 86' lang='lat' dir='ltr'><strong><em>m.</em></strong></span> <span class='ocrx_word' id='word_1_236' title='bbox 640 2851 655 2899; x_wconf 89' lang='lat'><strong><em>1</em></strong></span> <span class='ocrx_word' id='word_1_237' title='bbox 675 2852 707 2901; x_wconf 75' lang='grc' dir='ltr'><strong><em>κε</em></strong></span> <span class='ocrx_word' id='word_1_238' title='bbox 724 2848 779 2902; x_wconf 75' lang='lat' dir='ltr'><strong><em>vid.</em></strong></span> <span class='ocrx_word' id='word_1_239' title='bbox 796 2847 826 2899; x_wconf 68' lang='lat'><strong><em>1⁴¹.</em></strong></span> <span class='ocrx_word' id='word_1_240' title='bbox 847 2878 882 2887; x_wconf 83' lang='lat'><strong><em>—-</em></strong></span> <span class='ocrx_word' id='word_1_241' title='bbox 906 2852 939 2900; x_wconf 91' lang='lat'><strong><em>10</em></strong></span> <span class='ocrx_word' id='word_1_242' title='bbox 957 2842 1083 2900; x_wconf 76' lang='grc' dir='ltr'><strong><em>ἐδείκνυε</em></strong></span> <span class='ocrx_word' id='word_1_243' title='bbox 1101 2841 1150 2896; x_wconf 80' lang='lat' dir='ltr'><strong><em>OE</em></strong></span> 
     </span>
     <span class='ocr_line' id='line_1_27' title="bbox 137 2912 1151 2987; baseline -0.004 -16"><span class='ocrx_word' id='word_1_244' title='bbox 137 2917 240 2971; x_wconf 79' lang='lat' dir='ltr'><strong>FLNR</strong></span> <span class='ocrx_word' id='word_1_245' title='bbox 249 2917 379 2972; x_wconf 75' lang='lat' dir='ltr'>Moschus</span> <span class='ocrx_word' id='word_1_246' title='bbox 402 2915 513 2972; x_wconf 78' lang='grc' dir='ltr'><strong><em>ἐδείκνυ</em></strong></span> <span class='ocrx_word' id='word_1_247' title='bbox 531 2917 613 2971; x_wconf 89' lang='grc' dir='ltr'>ΑΒΥ.</span> <span class='ocrx_word' id='word_1_248' title='bbox 638 2948 673 2957; x_wconf 92' lang='lat'>-</span> <span class='ocrx_word' id='word_1_249' title='bbox 695 2918 761 2979; x_wconf 79' lang='grc' dir='ltr'><strong><em>τούς</em></strong></span> <span class='ocrx_word' id='word_1_250' title='bbox 782 2926 832 2987; x_wconf 80' lang='grc' dir='ltr'><strong><em>τῆς</em></strong></span> <span class='ocrx_word' id='word_1_251' title='bbox 854 2912 995 2987; x_wconf 75' lang='grc' dir='ltr'><strong><em>εὐσεβείας</em></strong></span> <span class='ocrx_word' id='word_1_252' title='bbox 1014 2912 1151 2969; x_wconf 87' lang='grc' dir='ltr'><strong><em>διδασκά-</em></strong></span> 
     </span>
     <span class='ocr_line' id='line_1_28' title="bbox 137 2983 1151 3060; baseline -0.005 -16"><span class='ocrx_word' id='word_1_253' title='bbox 137 2992 203 3051; x_wconf 91' lang='grc' dir='ltr'><strong><em>λους</em></strong></span> <span class='ocrx_word' id='word_1_254' title='bbox 221 2990 269 3043; x_wconf 82' lang='grc' dir='ltr'><strong><em>καὶ</em></strong></span> <span class='ocrx_word' id='word_1_255' title='bbox 287 2989 425 3060; x_wconf 79' lang='grc' dir='ltr'><strong><em>ἀρχιερεῖς</em></strong></span> <span class='ocrx_word' id='word_1_256' title='bbox 442 2995 491 3057; x_wconf 82' lang='grc' dir='ltr'><strong><em>τῆς</em></strong></span> <span class='ocrx_word' id='word_1_257' title='bbox 510 2986 692 3060; x_wconf 79' lang='grc' dir='ltr'><strong><em>ἐκκλησίαςΒ</em></strong></span> <span class='ocrx_word' id='word_1_258' title='bbox 711 2990 786 3056; x_wconf 83' lang='grc' dir='ltr'><strong><em>(τούς</em></strong></span> <span class='ocrx_word' id='word_1_259' title='bbox 802 2995 853 3057; x_wconf 82' lang='grc' dir='ltr'><strong><em>τῆς</em></strong></span> <span class='ocrx_word' id='word_1_260' title='bbox 869 2984 1010 3058; x_wconf 75' lang='grc' dir='ltr'><strong><em>εὐσεβείας</em></strong></span> <span class='ocrx_word' id='word_1_261' title='bbox 1027 2983 1151 3053; x_wconf 84' lang='grc' dir='ltr'><strong><em>κήρυκας</em></strong></span> 
     </span>
     <span class='ocr_line' id='line_1_29' title="bbox 137 3054 1150 3129; baseline -0.005 -15"><span class='ocrx_word' id='word_1_262' title='bbox 137 3060 187 3115; x_wconf 89' lang='grc' dir='ltr'><strong><em>καλ</em></strong></span> <span class='ocrx_word' id='word_1_263' title='bbox 213 3067 264 3129; x_wconf 83' lang='grc' dir='ltr'><strong><em>τῆς</em></strong></span> <span class='ocrx_word' id='word_1_264' title='bbox 290 3055 435 3129; x_wconf 81' lang='grc' dir='ltr'><strong><em>ἐκκλησίας</em></strong></span> <span class='ocrx_word' id='word_1_265' title='bbox 460 3060 647 3123; x_wconf 86' lang='grc' dir='ltr'><strong><em>διδασκάλους</em></strong></span> <span class='ocrx_word' id='word_1_266' title='bbox 674 3059 799 3129; x_wconf 79' lang='lat' dir='ltr'><strong>Mosch.).</strong></span> <span class='ocrx_word' id='word_1_267' title='bbox 828 3090 862 3098; x_wconf 91' lang='lat'>—</span> <span class='ocrx_word' id='word_1_268' title='bbox 891 3063 923 3112; x_wconf 89' lang='lat'><strong><em>11</em></strong></span> <span class='ocrx_word' id='word_1_269' title='bbox 947 3054 1150 3124; x_wconf 83' lang='grc' dir='ltr'><strong><em>περιεσκόπουν</em></strong></span> 
     </span>
     <span class='ocr_line' id='line_1_30' title="bbox 138 3126 1151 3201; baseline -0.007 -15"><span class='ocrx_word' id='word_1_270' title='bbox 138 3128 226 3201; x_wconf 87' lang='grc' dir='ltr'><strong><em>φησίν</em></strong></span> <span class='ocrx_word' id='word_1_271' title='bbox 239 3130 266 3185; x_wconf 91' lang='lat' dir='ltr'><strong>V</strong></span> <span class='ocrx_word' id='word_1_272' title='bbox 285 3128 371 3200; x_wconf 80' lang='grc' dir='ltr'><strong><em>φησίν</em></strong></span> <span class='ocrx_word' id='word_1_273' title='bbox 389 3147 439 3187; x_wconf 82' lang='lat' dir='ltr'><strong><em>om.</em></strong></span> <span class='ocrx_word' id='word_1_274' title='bbox 454 3130 511 3185; x_wconf 85' lang='lat' dir='ltr'><strong><em>BG.</em></strong></span> <span class='ocrx_word' id='word_1_275' title='bbox 532 3163 565 3172; x_wconf 97' lang='lat'>—</span> <span class='ocrx_word' id='word_1_276' title='bbox 585 3136 618 3185; x_wconf 73' lang='lat'><strong><em>12</em></strong></span> <span class='ocrx_word' id='word_1_277' title='bbox 637 3130 816 3200; x_wconf 82' lang='grc' dir='ltr'><strong><em>καταθύμιον</em></strong></span> <span class='ocrx_word' id='word_1_278' title='bbox 835 3128 890 3183; x_wconf 75' lang='grc' dir='ltr'><strong><em>ΟΥ.</em></strong></span> <span class='ocrx_word' id='word_1_279' title='bbox 910 3158 944 3168; x_wconf 88' lang='grc'>-</span> <span class='ocrx_word' id='word_1_280' title='bbox 964 3127 1025 3197; x_wconf 78' lang='grc' dir='ltr'><strong><em>ἐμοὶ</em></strong></span> <span class='ocrx_word' id='word_1_281' title='bbox 1042 3126 1100 3180; x_wconf 81' lang='lat' dir='ltr'><strong><em>BF.</em></strong></span> <span class='ocrx_word' id='word_1_282' title='bbox 1115 3159 1151 3166; x_wconf 89' lang='lat'>-</span> 
     </span>
     <span class='ocr_line' id='line_1_31' title="bbox 139 3198 1150 3273; baseline -0.006 -15"><span class='ocrx_word' id='word_1_283' title='bbox 139 3207 174 3258; x_wconf 82' lang='lat'><strong><em>14</em></strong></span> <span class='ocrx_word' id='word_1_284' title='bbox 192 3222 226 3271; x_wconf 86' lang='grc' dir='ltr'><strong><em>με</em></strong></span> <span class='ocrx_word' id='word_1_285' title='bbox 249 3219 299 3257; x_wconf 89' lang='lat' dir='ltr'><strong><em>om.</em></strong></span> <span class='ocrx_word' id='word_1_286' title='bbox 315 3200 396 3256; x_wconf 80' lang='lat' dir='ltr'>GLN.</span> <span class='ocrx_word' id='word_1_287' title='bbox 418 3234 453 3243; x_wconf 91' lang='lat'>-</span> <span class='ocrx_word' id='word_1_288' title='bbox 475 3222 529 3271; x_wconf 91' lang='grc' dir='ltr'><strong><em>μου</em></strong></span> <span class='ocrx_word' id='word_1_289' title='bbox 552 3210 601 3272; x_wconf 82' lang='grc' dir='ltr'><strong><em>τῆς</em></strong></span> <span class='ocrx_word' id='word_1_290' title='bbox 623 3201 755 3273; x_wconf 77' lang='grc' dir='ltr'><strong><em>χειρδςΙι</em></strong></span> <span class='ocrx_word' id='word_1_291' title='bbox 781 3220 834 3269; x_wconf 90' lang='grc' dir='ltr'><strong><em>μου</em></strong></span> <span class='ocrx_word' id='word_1_292' title='bbox 857 3216 907 3255; x_wconf 77' lang='grc' dir='ltr'><strong><em>ουν.</em></strong></span> <span class='ocrx_word' id='word_1_293' title='bbox 926 3198 978 3253; x_wconf 83' lang='lat' dir='ltr'><strong><em>RV</em></strong></span> <span class='ocrx_word' id='word_1_294' title='bbox 986 3198 1091 3253; x_wconf 68' lang='grc' dir='ltr'><strong><em>Μυσοί).</em></strong></span> <span class='ocrx_word' id='word_1_295' title='bbox 1115 3230 1150 3237; x_wconf 99' lang='grc'><strong>-</strong></span> 
     </span>
     <span class='ocr_line' id='line_1_32' title="bbox 139 3270 1151 3343; baseline -0.005 -14"><span class='ocrx_word' id='word_1_296' title='bbox 139 3279 173 3329; x_wconf 77' lang='grc' dir='ltr'><strong><em>1ο</em></strong></span> <span class='ocrx_word' id='word_1_297' title='bbox 193 3293 226 3343; x_wconf 85' lang='grc' dir='ltr'><strong><em>με</em></strong></span> <span class='ocrx_word' id='word_1_298' title='bbox 244 3291 294 3329; x_wconf 85' lang='lat' dir='ltr'><strong><em>om.</em></strong></span> <span class='ocrx_word' id='word_1_299' title='bbox 309 3272 365 3327; x_wconf 70' lang='grc' dir='ltr'><strong><em>ΡΥ.</em></strong></span> <span class='ocrx_word' id='word_1_300' title='bbox 381 3304 414 3313; x_wconf 90' lang='grc'><strong>-</strong></span> <span class='ocrx_word' id='word_1_301' title='bbox 434 3272 625 3343; x_wconf 80' lang='grc' dir='ltr'><strong><em>λελυπημένος</em></strong></span> <span class='ocrx_word' id='word_1_302' title='bbox 640 3271 695 3325; x_wconf 78' lang='lat' dir='ltr'><strong><em>FM</em></strong></span> <span class='ocrx_word' id='word_1_303' title='bbox 711 3279 738 3328; x_wconf 77' lang='lat' dir='ltr'><strong><em>et</em></strong></span> <span class='ocrx_word' id='word_1_304' title='bbox 754 3288 825 3327; x_wconf 78' lang='lat' dir='ltr'><strong>rece.</strong></span> <span class='ocrx_word' id='word_1_305' title='bbox 840 3270 958 3341; x_wconf 78' lang='lat' dir='ltr'><strong>quidam</strong></span> <span class='ocrx_word' id='word_1_306' title='bbox 978 3270 1151 3339; x_wconf 73' lang='grc' dir='ltr'><strong><em>λυπούμενος</em></strong></span> 
     </span>
     <span class='ocr_line' id='line_1_33' title="bbox 138 3340 1151 3436; baseline -0.005 -37"><span class='ocrx_word' id='word_1_307' title='bbox 138 3344 273 3415; x_wconf 80' lang='lat' dir='ltr'>AGeorg.</span> <span class='ocrx_word' id='word_1_308' title='bbox 289 3376 323 3385; x_wconf 94' lang='lat'>—</span> <span class='ocrx_word' id='word_1_309' title='bbox 344 3350 376 3399; x_wconf 85' lang='grc'><strong><em>16</em></strong></span> <span class='ocrx_word' id='word_1_310' title='bbox 396 3340 546 3436; x_wconf 73' lang='grc' dir='ltr'><strong><em>έξεργόμηυ</em></strong></span> <span class='ocrx_word' id='word_1_311' title='bbox 565 3343 658 3399; x_wconf 80' lang='grc' dir='ltr'><strong><em>ΟΜΒ,</em></strong></span> <span class='ocrx_word' id='word_1_312' title='bbox 674 3374 707 3383; x_wconf 97' lang='grc'><strong>-</strong></span> <span class='ocrx_word' id='word_1_313' title='bbox 728 3349 761 3398; x_wconf 87' lang='lat'><strong><em>18</em></strong></span> <span class='ocrx_word' id='word_1_314' title='bbox 779 3345 853 3412; x_wconf 83' lang='grc' dir='ltr'><strong><em>λυπη</em></strong></span> <span class='ocrx_word' id='word_1_315' title='bbox 871 3359 901 3397; x_wconf 90' lang='grc' dir='ltr'><strong><em>σε</em></strong></span> <span class='ocrx_word' id='word_1_316' title='bbox 919 3343 941 3396; x_wconf 88' lang='lat' dir='ltr'>L</span> <span class='ocrx_word' id='word_1_317' title='bbox 963 3345 1084 3411; x_wconf 80' lang='grc' dir='ltr'><strong><em>λυπῆσαι</em></strong></span> <span class='ocrx_word' id='word_1_318' title='bbox 1102 3341 1151 3395; x_wconf 74' lang='lat' dir='ltr'><strong><em>PR</em></strong></span> 
     </span>
     <span class='ocr_line' id='line_1_34' title="bbox 138 3413 1152 3487; baseline -0.005 -16"><span class='ocrx_word' id='word_1_319' title='bbox 138 3415 261 3484; x_wconf 77' lang='grc' dir='ltr'><strong><em>λυπήσοι</em></strong></span> <span class='ocrx_word' id='word_1_320' title='bbox 280 3415 408 3487; x_wconf 78' lang='lat' dir='ltr'>GGeorg.</span> <span class='ocrx_word' id='word_1_321' title='bbox 432 3420 554 3485; x_wconf 86' lang='grc' dir='ltr'><strong><em>λοπησαι</em></strong></span> <span class='ocrx_word' id='word_1_322' title='bbox 572 3414 595 3467; x_wconf 87' lang='grc' dir='ltr'><em>Ε</em></span> <span class='ocrx_word' id='word_1_323' title='bbox 618 3417 740 3483; x_wconf 87' lang='grc' dir='ltr'><strong><em>λυπησαι</em></strong></span> <span class='ocrx_word' id='word_1_324' title='bbox 758 3416 826 3483; x_wconf 75' lang='lat' dir='ltr'><strong><em>(sim</em></strong></span> <span class='ocrx_word' id='word_1_325' title='bbox 844 3416 911 3484; x_wconf 84' lang='grc' dir='ltr'><strong><em>σοι.)</em></strong></span> <span class='ocrx_word' id='word_1_326' title='bbox 928 3413 955 3467; x_wconf 85' lang='grc' dir='ltr'><strong>Α</strong></span> <span class='ocrx_word' id='word_1_327' title='bbox 973 3416 1103 3467; x_wconf 87' lang='grc' dir='ltr'><strong><em>λοπεῐσαι</em></strong></span> <span class='ocrx_word' id='word_1_328' title='bbox 1120 3418 1152 3472; x_wconf 74' lang='lat' dir='ltr'><strong><em>ut</em></strong></span> 
     </span>
     <span class='ocr_line' id='line_1_35' title="bbox 138 3483 1151 3557; baseline -0.004 -14"><span class='ocrx_word' id='word_1_329' title='bbox 138 3487 233 3543; x_wconf 65' lang='lat' dir='ltr'><strong><em>vim</em></strong></span> <span class='ocrx_word' id='word_1_330' title='bbox 251 3487 385 3556; x_wconf 85' lang='grc' dir='ltr'><strong><em>λελύπησε</em></strong></span> <span class='ocrx_word' id='word_1_331' title='bbox 401 3486 430 3540; x_wconf 88' lang='grc' dir='ltr'><strong>Μ</strong></span> <span class='ocrx_word' id='word_1_332' title='bbox 448 3488 522 3556; x_wconf 78' lang='grc' dir='ltr'><strong><em>λυπῇ</em></strong></span> <span class='ocrx_word' id='word_1_333' title='bbox 541 3489 602 3557; x_wconf 85' lang='lat' dir='ltr'><em>(om.</em></span> <span class='ocrx_word' id='word_1_334' title='bbox 621 3488 663 3555; x_wconf 87' lang='grc' dir='ltr'><strong><em>σε)</em></strong></span> <span class='ocrx_word' id='word_1_335' title='bbox 677 3485 727 3539; x_wconf 92' lang='grc' dir='ltr'><strong><em>ΒΥ</em></strong></span> <span class='ocrx_word' id='word_1_336' title='bbox 746 3486 897 3553; x_wconf 86' lang='grc' dir='ltr'><strong><em>λελύπησαι</em></strong></span> <span class='ocrx_word' id='word_1_337' title='bbox 911 3484 981 3539; x_wconf 86' lang='lat' dir='ltr'>Mur.</span> <span class='ocrx_word' id='word_1_338' title='bbox 1000 3516 1035 3525; x_wconf 93' lang='lat'>-</span> <span class='ocrx_word' id='word_1_339' title='bbox 1055 3489 1087 3538; x_wconf 87' lang='grc'><strong><em>19</em></strong></span> <span class='ocrx_word' id='word_1_340' title='bbox 1108 3483 1151 3550; x_wconf 74' lang='grc' dir='ltr'><strong><em>ἑρ-</em></strong></span> 
     </span>
     <span class='ocr_line' id='line_1_36' title="bbox 139 3554 1150 3630; baseline -0.009 -15"><span class='ocrx_word' id='word_1_341' title='bbox 139 3556 256 3630; x_wconf 83' lang='grc' dir='ltr'><strong><em>γόμενος</em></strong></span> <span class='ocrx_word' id='word_1_342' title='bbox 278 3557 445 3612; x_wconf 76' lang='lat' dir='ltr'><strong>BRMosoh.</strong></span> <span class='ocrx_word' id='word_1_343' title='bbox 475 3589 509 3599; x_wconf 87' lang='lat'><em>-</em></span> <span class='ocrx_word' id='word_1_344' title='bbox 537 3557 634 3629; x_wconf 81' lang='grc' dir='ltr'><strong><em>ἔνθεν]</em></strong></span> <span class='ocrx_word' id='word_1_345' title='bbox 658 3557 792 3612; x_wconf 80' lang='grc' dir='ltr'><strong><em>ἐντεῦθεν</em></strong></span> <span class='ocrx_word' id='word_1_346' title='bbox 814 3556 864 3612; x_wconf 80' lang='lat' dir='ltr'><strong><em>BF</em></strong></span> <span class='ocrx_word' id='word_1_347' title='bbox 888 3572 937 3611; x_wconf 84' lang='lat' dir='ltr'><strong><em>om.</em></strong></span> <span class='ocrx_word' id='word_1_348' title='bbox 957 3554 1092 3609; x_wconf 81' lang='lat' dir='ltr'><strong>CMosch.</strong></span> <span class='ocrx_word' id='word_1_349' title='bbox 1112 3584 1150 3616; x_wconf 44' lang='lat'><strong><em>,-</em></strong></span> 
     </span>
     <span class='ocr_line' id='line_1_37' title="bbox 141 3624 1100 3701; baseline -0.004 -19"><span class='ocrx_word' id='word_1_350' title='bbox 141 3635 175 3683; x_wconf 80' lang='grc'><strong><em>20</em></strong></span> <span class='ocrx_word' id='word_1_351' title='bbox 194 3630 292 3701; x_wconf 84' lang='grc' dir='ltr'><strong><em>ταύτη]</em></strong></span> <span class='ocrx_word' id='word_1_352' title='bbox 312 3628 381 3697; x_wconf 79' lang='grc' dir='ltr'><strong><em>σκύτη</em></strong></span> <span class='ocrx_word' id='word_1_353' title='bbox 400 3628 537 3684; x_wconf 79' lang='lat' dir='ltr'><strong>BMosch.</strong></span> <span class='ocrx_word' id='word_1_354' title='bbox 552 3635 578 3684; x_wconf 80' lang='lat' dir='ltr'><strong><em>et</em></strong></span> <span class='ocrx_word' id='word_1_355' title='bbox 595 3628 617 3680; x_wconf 80' lang='lat' dir='ltr'><strong>F</strong></span> <span class='ocrx_word' id='word_1_356' title='bbox 636 3646 670 3683; x_wconf 84' lang='lat' dir='ltr'><strong><em>m.</em></strong></span> <span class='ocrx_word' id='word_1_357' title='bbox 685 3632 711 3683; x_wconf 82' lang='lat'><strong><em>2.</em></strong></span> <span class='ocrx_word' id='word_1_358' title='bbox 731 3660 765 3669; x_wconf 94' lang='lat'><em>-</em></span> <span class='ocrx_word' id='word_1_359' title='bbox 785 3628 863 3700; x_wconf 79' lang='grc' dir='ltr'><strong><em>ἐμόν]</em></strong></span> <span class='ocrx_word' id='word_1_360' title='bbox 883 3628 944 3697; x_wconf 84' lang='grc' dir='ltr'><strong><em>έμολ</em></strong></span> <span class='ocrx_word' id='word_1_361' title='bbox 961 3626 985 3679; x_wconf 90' lang='grc' dir='ltr'>Β</span> <span class='ocrx_word' id='word_1_362' title='bbox 1003 3643 1054 3681; x_wconf 86' lang='lat' dir='ltr'><strong><em>om.</em></strong></span> <span class='ocrx_word' id='word_1_363' title='bbox 1068 3624 1100 3697; x_wconf 60' lang='grc' dir='ltr'><strong><em>(δ.Ξ</em></strong></span> 
     </span>
    </p>
   </div>
   <div class='ocr_carea' id='block_1_5' title="bbox 0 0 1324 3909">
    <p class='ocr_par' dir='ltr' id='par_1_5' title="bbox 0 0 1324 3909">
     <span class='ocr_line' id='line_1_38' title="bbox 0 0 1324 3909; baseline 0 0"><span class='ocrx_word' id='word_1_364' title='bbox 0 0 1324 3909; x_wconf 95' lang='lat' dir='ltr'><strong><em> </em></strong></span> 
     </span>
    </p>
   </div>
  </div>
 </body>
</html>
