2617 3909
204 211 267 276 768
515 214 702 267 ΙῈΩΡΓῙΟΤ
720 215 903 268 ΜΟΝΑΧΟΤ

200 363 265 424 ε’ίθε
288 358 360 442 μηδ’
383 363 457 436 όλως
480 361 607 424 ἐκάθισα
629 362 663 423 ἐν
681 369 720 447 τῷ
735 362 838 448 θρόνῳ
862 373 915 443 τῆς
932 364 1090 444 ἐκκλησίας
1115 366 1232 444 ταύτης

201 459 416 541 ἀπτσχισμένης
438 459 629 541 ὑπαρχούσης
652 459 763 521 ἐκτῶν
782 464 894 522 λοιπῶν
912 459 1006 542 ἁγίων
1024 463 1156 544 θρόνων
1179 463 1230 524 καὶ

200 557 500 638 ἀναθεματιζομίνης.
541 567 633 620 ταῦτα
655 556 836 632 ἀκούσαντες
858 561 891 620 οῖ
905 562 1035 640 βασιλεῖς
1059 561 1136 640 μετὰ
1156 580 1229 623 σκυ-

200 658 395 739 θρωπότητος
417 655 622 737 ἀνεχώρησαν,
648 655 860 718 ἀποστέλλωσι
883 655 915 719 δὲ
937 659 1013 738 πρὸς
1036 660 1135 720 αὐτὸν
1159 661 1228 732 τοὺς

174 775 186 814 ο
201 756 374 837 πατρικίους
392 753 518 816 ἀκούσαι
536 753 572 814 τὰ
589 748 660 835 παρ’
681 754 775 815 αύτοῦ
793 755 941 836 λεγόμενα.
983 756 1059 836 πρὸς
1078 755 1137 830 οὓς
1157 758 1227 836 μετὰ

199 855 367 934 παρρησίας
391 853 424 915 ἐν
447 859 487 937 τῷ
506 851 579 914 τέλει
601 862 654 931 τῆς
677 853 868 926 διδασκαλίας
890 848 984 915 εἶπεν·
1012 854 1067 916 ἐὰν
1095 847 1158 916 οὖν
1186 855 1226 935 μὴ

200 952 329 1024 σύνοδος
352 949 544 1029 οίκουμενική
567 949 697 1031 γίνηται,
720 950 770 1011 καὶ
790 951 823 1012 τὸ
842 953 963 1031 σφάλμα
986 953 1154 1038 διορθωθῇ
1174 964 1224 1032 τῆς

200 1051 324 1121 πίστεως
346 1048 442 1128 ὑμῶν,
465 1048 522 1110 οὐκ
544 1048 618 1129 ἔχετε
642 1049 799 1128 σωτηρίαν.
841 1051 873 1111 οἱ
888 1049 920 1111 δὲ
943 1051 1018 1132 πρὸς
1040 1053 1152 1115 αὐτόν·
1176 1052 1222 1113 καῖ

199 1148 249 1209 ῖνα
271 1148 301 1208 τί
321 1145 561 1229 καθυπὲμραψας
583 1146 616 1207 ἐν
633 1152 673 1230 τῷ
689 1150 923 1227 χειροτονεῖσθαί
939 1167 971 1210 σε
994 1159 1047 1211 τοῦ
1067 1151 1110 1230 μη
1132 1170 1220 1232 προσ-

160 1266 185 1306 ιο
198 1251 301 1307 κυνεῖν
324 1245 455 1321 είκόνας;
478 1243 529 1304 καλ
551 1243 602 1305 διὰ
624 1254 711 1306 τοῦτο
734 1245 805 1326 γόρ,
829 1247 933 1325 φησίν,
956 1246 1014 1327 ἐγὼ
1037 1253 1151 1328 θρηνῶ
1175 1248 1220 1308 καὶ

197 1345 272 1424 πρὸς
294 1342 349 1421 τὴν
373 1343 531 1422 μετάνοιαν
553 1341 723 1423 κατέφυγον
747 1343 900 1424 δεόμενος,
928 1345 978 1406 ἵνα
1006 1345 1047 1424 μη
1078 1343 1121 1418 ὡς
1146 1346 1218 1428 ἱερέα

198 1465 233 1522 με
255 1441 367 1525 κολάση
390 1437 407 1500 δ
425 1439 497 1512 θεὸς
517 1439 567 1500 καλ
585 1439 712 1519 ποιμένα
735 1441 897 1522 σιγήσαντα
920 1441 1002 1522 μέχρι
1025 1453 1085 1504 νῦν
1108 1444 1217 1523 καὶμὴ

198 1541 365 1622 κηρύξαντα
393 1537 448 1616 τὴν
475 1535 622 1616 ἀλήθειαν
650 1544 689 1621 τῷ
715 1538 800 1622 φόβῳ
828 1549 881 1619 τῆς
908 1542 1017 1620 μανίας
1048 1541 1141 1620 ὑμῶν
1173 1542 1217 1603 καὶ

198 1638 380 1718 μιαιφονίας.
427 1645 518 1697 ταῦτα
546 1634 578 1697 δὲ
606 1628 689 1696 ούτοι
721 1635 900 1710 ἀκούσαντες
933 1637 1075 1718 ἀπῆλθον
1106 1640 1216 1720 ἔχοντες

160 1755 184 1797 ιο
198 1734 230 1797 ἕν
257 1735 373 1808 ἑαυτοῖς
400 1733 513 1812 πολλὴν
540 1733 669 1814 ἀπορίαν
697 1757 725 1795 τε
753 1733 803 1796 καὶ
831 1736 998 1814 συζήτησιν.
1045 1736 1080 1798 ἐν
1103 1739 1215 1810 τούτοις

198 1826 253 1895 ούν
286 1843 358 1894 πᾶσι
390 1832 441 1894 τὸν
473 1842 526 1911 τῆς
554 1831 698 1910 ἀληθείας
730 1831 926 1894 ἀναπτύσσων
958 1833 1047 1915 λόγον
1080 1835 1134 1896 καὶ
1166 1837 1215 1914 τὴν

198 1931 334 2011 μυσαράν
353 1931 504 1992 διαπτύων
523 1931 636 2009 αἵρεσιν
655 1929 805 2010 ἐκοιμήθη
829 1930 861 1992 ἐν
879 1931 984 2015 εἰρήνη
1003 1955 1033 1992 τε
1054 1933 1108 1994 καὶ
1127 1932 1212 2015 όρθο

198 2031 281 2114 δοξίηι
309 2027 382 2111 μέγα
408 2027 523 2102 πένθος
549 2027 719 2089 καταλιπὼν
747 2035 808 2102 τοῖς
835 2052 865 2090 τε
892 2031 1044 2109 βασιλεῦσι
1074 2031 1125 2092 καὶ
1161 2038 1212 2105 τοῖς

197 2126 346 2208 εύσεβίσιν
374 2126 549 2206 ἀνθρώποις
573 2136 626 2205 τῆς
648 2126 768 2200 πόλεως.
816 2119 855 2206 ἦν
877 2126 933 2208 μάρ
957 2128 1119 2208 σεβόσμιος
1144 2129 1213 2209 ἀνὴρ

158 2247 184 2287 το
198 2227 279 2287 πάνυ
310 2225 361 2286 καλ
389 2223 540 2303 αι’δίσιμος
570 2223 621 2285 καί
648 2225 730 2309 πόση
758 2223 845 2309 ἀρετῇ
875 2224 1112 2306 κεκοσμημένος,
1146 2229 1215 2289 ὅθεν

197 2324 247 2385 καλ
269 2324 382 2402 πολλὴν
405 2325 504 2384 πίστιν
526 2323 569 2395 εἰς
591 2321 684 2384 αὐτὸν
707 2321 860 2402 ἐκέκτηντο
883 2323 998 2396 πάντες.
1035 2319 1103 2385 ἀντ’
1125 2325 1214 2387 αὐτοῦ

197 2421 230 2484 δὲ
253 2420 512 2504 χειροτονηθέντος
538 2422 685 2502 Ταρασίου
713 2431 766 2482 τοῦ
791 2419 850 2482 ἀπὸ
873 2419 1065 2502 ἀσηκρητῶν,
1094 2423 1147 2484 καὶ
1170 2423 1213 2484 διό
1280 2471 1281 2474 ,

97 2543 137 2582 τοι
152 2541 182 2580 τι.
197 2523 352 2601 βασιλικῆς
375 2518 585 2598 παρακλήσεως
607 2517 667 2579 ἀπὸ
687 2511 799 2598 Ῥώμης
825 2518 959 2600 καὶτῶν
982 2524 1097 2580 λοιπῶν
1125 2519 1214 2602 ἁγίων
1280 2573 1281 2580 ,

195 2619 318 2700 θρόνων
340 2616 472 2678 καὶτῶν
495 2615 554 2677 όπὸ
577 2617 632 2695 τὴν
654 2617 870 2697 βασιλεύουσαν
893 2615 983 2676 πόλιν
1006 2617 1131 2678 πάντων
1154 2619 1212 2680 ἐπι·
1280 2693 1281 2710 ρ

155 2737 181 2778 ιι
195 2716 315 2778 σκόπων
342 2715 375 2776 ἐν
402 2721 442 2799 τῷ
461 2720 523 2798 ναῷ
547 2723 606 2774 τῶν
632 2711 725 2795 ἀμίαν
753 2713 924 2775 ἀποστόλων
952 2713 1213 2794 ἕπισυναχθὲντων
1280 2713 1281 2717 ’

194 2813 245 2890 καὶ
268 2813 319 2887 τὰς
337 2815 424 2887 θείας
446 2811 564 2895 γραφὰς
586 2811 759 2891 ἀρξαμένων
782 2811 1038 2892 ύπαναγινώσκειν
1061 2813 1115 2874 καὶ
1136 2813 1212 2875 ἀντι-

236 2982 371 3102 46117-1-221
391 2976 426 3042 cf.
446 2973 570 3043 Theoph.
584 2992 611 3043 p.
627 2980 689 3042 458,
705 2982 728 3028 1.
749 3007 781 3014 —
802 2981 907 3043 21—1).
924 2979 1015 3042 769‚·4
1034 2977 1070 3041 cf.
1085 2975 1209 3046 Theoph.

194 3065 221 3116 μ.
292 3091 298 3113 ,
351 3091 356 3101 .

266 3178 283 3224 3
302 3181 390 3226 ταῦτα
404 3172 529 3234 ἀκούσας
543 3169 557 3225 δ
570 3191 601 3226 τε
614 3173 653 3239 (τε
668 3188 719 3225 om.
729 3171 769 3233 Μ)
784 3172 911 3242 βασιλεύς
924 3171 973 3223 καλ
986 3169 1004 3238 ἡ
1018 3170 1110 3239 μήτηρ
1125 3173 1210 3225 αύκοῦ

244 3242 264 3296 ἀ
282 3243 316 3295 N.
332 3274 365 3284 -
385 3248 403 3295 4
421 3244 486 3304 τοὺς
503 3260 555 3296 οιιι.
570 3243 635 3295 ΒΜ,
651 3275 685 3282 -
705 3249 721 3295 6
741 3239 792 3296 οόν
806 3258 856 3296 om.
872 3240 960 3295 CMV.
976 3273 1010 3281 -
1030 3247 1047 3295 8
1065 3243 1146 3310 ὑμῶν
1165 3242 1209 3295 BC

225 3313 383 3380 ETheoph.
408 3314 487 3382 ἡμῶν
503 3313 564 3366 rell.
585 3344 617 3353 -
640 3320 672 3367 11
692 3312 837 3381 κατίφυγα
856 3313 913 3365 ΒΜ
936 3313 1105 3382 καταφεύγω
1125 3313 1157 3366 R.
1179 3345 1209 3353 -

197 3389 231 3434 14
249 3383 281 3436 δὲ
299 3382 348 3434 καλ
366 3379 444 3437 οὗτοι
458 3384 514 3435 ΑΒ.
530 3415 563 3423 -
583 3390 617 3437 22
636 3384 694 3437 ἀπὸ
713 3385 870 3452 ἀσηκριτῶν
888 3383 914 3435 R
933 3385 990 3438 ἀπὸ
1009 3385 1168 3452 ἀσικρητῶν
1182 3384 1209 3436 Μ

196 3452 253 3504 ἀπὸ
267 3452 417 3515 ἀσικριτῶν
432 3452 480 3504 ΟΕ
499 3451 708 3518 ἀκοασικρίτων
723 3456 746 3506 A
766 3455 823 3507 ἀπὸ
837 3460 857 3506 ἆ
871 3464 1027 3520 αοηκριτῶν
1042 3455 1064 3507 Β
1083 3457 1208 3523 ἀκοαση-

196 3527 291 3586 κρῆτις
303 3519 337 3571 V.
352 3551 388 3558 —
406 3524 454 3574 καλ
467 3531 523 3575 τῶν
537 3524 586 3577 διὰ
600 3523 747 3579 CEMRV.
763 3556 796 3564 -
816 3531 850 3577 23
867 3525 925 3580 ἀπό
938 3545 966 3580 τε
977 3523 1084 3594 Ῥώμης
1096 3525 1159 3578 ΒΝ.
1176 3557 1207 3566 -

198 3593 240 3639 24.
251 3594 285 3639 25
304 3587 463 3642 ἐπισκόπων
481 3592 596 3647 πάντων
614 3595 782 3664 ἐπισυνόχθ.
799 3595 829 3650 ἐν
845 3601 883 3668 τῷ
893 3601 985 3669 ναῷτ.
1001 3595 1045 3665 ἅμ.
1059 3597 1158 3649 ἀποστ.
1173 3596 1207 3648 N.

1278 3685 1279 3714 λ
