2617 3909
550 220 758 276 ΧΡοκιΚοκ
1083 218 1147 282 507

132 367 212 447 ἔχων
229 367 286 440 ,εἰς
315 365 468 433 ἀντίθεσιν
496 365 661 446 ἀπηυεώθιγ
693 365 743 427 καὶ
771 364 811 439 ὡς
838 366 940 445 κωφὸς
967 365 1017 429 καὶ
1043 365 1151 440 όίλαλος

133 464 351 542 ἀποσιωπήσας
369 473 454 525 τοῦτο
475 463 568 542 μόνον
586 462 751 544 ἐφθέγξατο
766 465 821 526 ὅτι·
845 463 934 544 κάμοί
948 474 1039 531 ταῦτα
1056 465 1151 538 οὕτως

136 563 213 642 ἔχειν
237 563 325 624 δοκεῖ.
370 561 420 622 καὶ
443 559 459 622 ὅ
482 560 576 642 γέρων
599 563 718 641 φησίν,
737 562 849 630 οὐκοῦν
875 560 1004 636 ἀναστὰς
1025 561 1150 630 ἀκολού-

138 667 190 726 θει
214 682 268 738 μοι,
287 658 361 741 πρὸς
384 660 439 738 τὴν
457 659 623 738 ἐκκλησίαν,
646 659 698 728 καλ,
719 661 804 744 λήψχ
827 659 863 728 τὸ,
881 666 1080 740 σημεῖονςτῆς
1101 662 1150 722 πί-

138 777 229 830 στεως
251 758 367 836 ταύτης.
414 755 430 819 ὅ
453 755 485 819 δέ
509 758 674 836 φιλόσοφος
701 757 888 839 ἐπιστραφεὶς
915 758 990 840 λέγει
1011 765 1073 832 τοῖς
1096 783 1152 837 μοι·ε
1178 780 1190 818 τ
1294 827 1299 830 ⁴

137 861 249 934 θηταῖς
276 855 380 917 αὐτοῦ’
411 853 568 936 ἀκούσατε,
596 849 619 916 ὦ
647 853 761 936 ἀνδρες.
806 856 866 930 ἕως.
883 857 929 919 ὅτε
952 857 1048 937 λόγων
1070 855 1151 924 έποι-

137 955 238 1032 οόμην
260 953 408 1032 σπουδήν,
430 953 536 1035 λόγους
559 954 657 1035 λόγοις
677 952 853 1020 ἀντετόθουν
871 954 907 1017 ’τὰ
924 955 1150 1037 προσφερόμενα
1162 977 1202 1016 ιοε
1215 975 1246 1014 τε.

136 1050 189 1118 καὶ
212 1049 296 1135 τέχνῃ
319 1061 372 1112 τοῦ
395 1049 487 1132 λέγειν
515 1049 681 1133 ἀνέτρεπον.
728 1052 774 1117 ὅτε
797 1050 830 1113 δέ
851 1051 918 1119 ἀντὶ
940 1053 1036 1134 λόγων
1059 1054 1151 1114 δόνα-

118 1150 189 1229 Ὶμίς
212 1172 255 1223 τις
278 1149 402 1228 ἐξῆλθεν
429 1148 461 1210 εἰτ
488 1158 540 1211 τοῦ
563 1149 706 1235 στόματος
727 1151 814 1211 τοῦδε
841 1159 893 1211 τοῦ
920 1149 1072 1232 γέροντος,
1095 1151 1151 1212 οὐκ

117 1249 263 1326 ίλσχυσαν
286 1248 318 1308 οί
343 1246 424 1328 λόγοι
446 1256 481 1332 τῇ
506 1247 630 1327 δυνάμει
652 1233 872 1324 ἀντιτάξασθαι.
918 1246 987 1309 οὐδὲ
1010 1248 1065 1329 γὰρ
1088 1243 1151 1321 οίός
1165 1270 1190 1308 ιο

117 1344 169 1409 ,τέ
197 1345 275 1406 έστιν
302 1342 464 1423 ἅνθρωπος
486 1343 746 1430 ἀντιστῆναιθεῷι
793 1345 843 1406 ὃιά
865 1367 911 1408 τοι
932 1354 1033 1426 τοῦτο,
1060 1347 1151 1419 εἴτις

136 1443 225 1522 ὑμῶν
258 1442 382 1508 δύναται
413 1441 560 1521 συνιέναι,
592 1440 633 1514 ὡς
659 1440 740 1523 κάγὼ
768 1443 913 1522 νενόηκας
936 1442 1083 1505 πιστεύσει
1109 1443 1152 1516 εἰς

138 1539 269 1619 Χριστὸν
292 1539 341 1600 καὶ
363 1538 564 1602 ἀκολουθείτω
588 1539 643 1600 σὺν
666 1539 927 1624 έμολτῷγέροντι
948 1542 1051 1624 τούτῳ,
1074 1529 1151 1624 ένῷ

136 1639 279 1716 έλόλησεν
302 1635 317 1698 ὅ
341 1637 419 1710 θεός.
465 1639 558 1722 τούτῳ
582 1630 637 1700 τόν
661 1640 700 1721 τῷ
725 1638 823 1724 τρόπῳ
845 1637 1003 1720 γενόμενος
1026 1636 1041 1699 ὁ
1065 1638 1150 1717 φιλό-

139 1755 236 1814 σοφος
254 1736 418 1816 χριστιανὸς
436 1735 548 1818 ἔχαιρεν
567 1733 706 1814 ἡττηθείς
723 1734 782 1796 ὑπὸ
800 1746 853 1807 τοῦ
871 1734 1015 1818 γέροντος.
1051 1745 1152 1817 παρῆν
1165 1731 1190 1796 ιε

139 1832 357 1912 ὃὲτιγνικαῦτα
382 1832 432 1894 καὶ
455 1832 471 1895 ὁ
494 1839 578 1907 θεῖος
601 1834 796 1913 Παφνοότιος
817 1833 894 1915 ἀνὴρ
917 1834 1080 1914 Λόγόπτιος
1102 1832 1152 1894 καὶ

137 1930 331 2013 τερατουργὸς
349 1930 399 1992 καὶ
418 1928 609 2012 ὁμολογητής,
630 1924 667 1995 οὗ
685 1932 737 1994 τόν
756 1931 853 2005 δεξιὸν
871 1929 1036 2011 ὀφθαλμὸν
1050 1933 1151 2005 Μαξι-

139 2029 246 2108 μιανὸς
276 2027 425 2110 ἐξώρυξεν.
472 2025 505 2102 ὃς
527 2028 577 2090 καὶ
599 2039 651 2108 τῆς
674 2028 805 2098 συνόδου
828 2030 983 2090 κανονίσαι
1004 2029 1152 2107 θελούσης

138 2127 212 2191 ὥστε
230 2125 371 2206 κληρικὸν
389 2125 430 2204 μὴ
450 2125 643 2208 συνέρχεσθαι
660 2125 780 2208 γυναικὶ
798 2126 873 2207 πρὸς
887 2126 983 2206 γάμον
997 2124 1037 2198 ὡς
1055 2125 1151 2207 βαρὺν

139 2227 192 2292 τὸν
220 2225 309 2307 λόγον
335 2223 476 2306 ἀνέτρεψε
503 2224 553 2285 καὶ
583 2224 686 2302 μόνοις
713 2222 883 2296 ἐπισκόποις
909 2223 1038 2289 ἕτύπωσε
1065 2232 1150 2284 τοῦτο
1165 2246 1191 2284 ιο

138 2323 429 2405 παραφυλάττεσθαι.
467 2321 538 2401 μετὰ
556 2331 630 2402 γοῦν
648 2320 761 2399 πολλὴν
776 2320 831 2398 τὴν
849 2329 902 2399 τῆς
920 2319 1051 2398 σκέψεως
1068 2319 1151 2400 ἀκρί-

139 2424 224 2502 βειαν
248 2420 332 2495 έόοξε
360 2429 450 2480 πᾶσιν
477 2418 553 2498 ὁμοῦ
581 2420 644 2479 δεῖν
671 2415 830 2499 ὁρίσασθαι
856 2417 891 2479 τό
917 2415 1077 2497 ὅμοοόσιον
1103 2417 1152 2480 ἐπὶ

139 2529 193 2599 τῆς
221 2515 388 2597 όρθοόόξου
415 2518 551 2596 πίστεως,
581 2518 662 2577 τοῦτ’
686 2515 745 2577 ἔστι
773 2525 826 2596 τῆς
853 2515 945 2597 αὐτῆς
972 2516 1076 2590 οὐσίας
1102 2515 1152 2577 καὶ

139 2608 260 2694 φύσεως
282 2621 321 2698 τῷ
341 2612 428 2697 πατρὶ
450 2613 500 2675 καί
522 2613 573 2675 τόν
595 2614 665 2676 υἱόν
685 2611 847 2696 ὁμολογεῖν.
892 2611 932 2693 ἣν
950 2615 987 2694 δὴ
1007 2614 1057 2676 καὶ
1078 2613 1152 2676 κατὰ

214 2819 326 2868 15-18
345 2815 380 2881 cf.
394 2812 484 2866 Rufin.
504 2811 529 2879 Ι,
544 2818 568 2865 4.
588 2843 621 2851 -
642 2811 969 2866 18—21Th00d.Le0t.
1004 2813 1045 2880 Of.
1061 2811 1149 2865 Cram.

137 2905 166 2956 p.
184 2891 226 2953 92,
242 2891 274 2937 12
294 2883 390 2953 Polyd.
402 2901 432 2952 p.
448 2888 498 2937 282
508 2885 555 2950 fin.
577 2915 609 2923 —
630 2889 734 2953 21-12.
751 2889 811 2951 508,
825 2889 841 2935 3
859 2883 894 2950 οἵ,
909 2883 999 2936 Rufin⁴
1015 2882 1035 2948 13
1051 2888 1074 2936 ὁ.

213 3061 455 3130 όστραφελςΑΒ.
479 3093 513 3105 -
538 3059 710 3116 θάκοόσατέ
731 3080 786 3130 μου
808 3057 866 3112 RV.
890 3091 923 3100 —-
948 3058 1013 3114 ότου
1036 3060 1093 3114 BV.
1118 3093 1150 3101 —

142 3141 157 3188 7
183 3131 351 3190 ἀυτετίθουν
375 3134 424 3186 καὶ
446 3131 480 3186 τά
503 3150 636 3201 προσφερ.
660 3130 742 3203 τέχνῃ
760 3129 975 3184 Μυεολλ.(ὶο1οε.
1002 3163 1035 3171 -
1063 3137 1080 3186 8
1104 3133 1152 3186 καλ

141 3205 224 3278 τέχυγ
238 3213 288 3259 τοῦ
302 3207 324 3257 λ.
335 3204 488 3272 ἀνέτρεπον
502 3221 552 3259 om.
563 3202 619 3257 FN.
631 3235 664 3243 -—
680 3209 713 3257 12
728 3203 768 3265 εἰς
781 3202 892 3274 χριστόν
902 3202 1049 3256 ΑΒΡΕιο.
1059 3202 1150 3258 Gelas.

142 3277 183 3340 εἰς
205 3276 255 3331 τὸν
276 3296 318 3347 χρ.
337 3273 396 3329 rell.
422 3307 454 3314 -
480 3276 512 3329 16
531 3275 580 3330 καλ
602 3274 786 3343 τερατουργός
807 3290 857 3328 om.
879 3272 906 3326 N
929 3275 977 3328 καὶ
995 3291 1045 3330 ουτ.
1063 3275 1093 3328 θ’.
1117 3308 1152 3315 -

142 3353 185 3402 λθ
197 3349 269 3419 βαρὺ
287 3345 367 3401 cod'd.
377 3347 489 3416 praeter
503 3345 566 3414 BN.

168 3531 230 3584 2
250 3523 335 3593 λέγων
355 3521 397 3586 ’ότι
415 3525 444 3578 P.
460 3557 493 3564 -
514 3529 574 3576 2.-3-
584 3505 663 3580 δοκεῖ
680 3521 767 3584 οὕτως
778 3513 861 3592 ,ἔχειν
876 3523 906 3576 Ρ.
922 3555 955 3564 -
976 3528 991 3576 6
1011 3518 1037 3576 ὦ,
1051 3522 1152 3589 ἀνδρες

143 3615 193 3652 ουτ.
209 3596 238 3650 P.
254 3628 288 3637 -
302 3593 390 3667 λόγων
405 3595 455 3664 μέν
470 3595 511 3651 έπ.
522 3595 551 3648 Ρ.
562 3625 597 3633 -
612 3599 644 3648 16
661 3591 806 3663 αἰγόπτιος
818 3592 1003 3663 τερατουργός
1015 3613 1044 3648 τε
1058 3593 1107 3647 καλ
1121 3593 1150 3646 Ρ.
