2617 3909
183 228 250 293 666
498 229 687 282 οεοεοεοο
704 229 888 282 Momor

183 378 216 440 ἔκ
243 386 299 438 τοῦ
325 376 440 459 θρόνου
468 375 635 455 ἀναστήσας
663 385 716 456 τῆς
747 378 902 456 βασιλικῆς
934 375 1061 456 ἐσθῆτος
1092 375 1211 459 ἀπεγύ-

184 493 311 556 μνωσεν,
334 473 384 536 καί
407 474 533 549 ἕνδύσας
555 473 647 536 αὐτόν
671 473 781 553 μέλανα
799 475 972 554 χιτωνίσκον
995 473 1045 535 καὶ
1063 473 1150 536 κλοιὰ
1169 481 1213 559 τῷ

184 575 316 658 τραχήλῳ
335 573 428 634 αὐτοῦ
446 571 579 652 περιθείς
601 569 707 652 ἀτιμόν
725 595 792 633 τινα
810 571 860 633 καί
878 571 1005 634 ἐλεεινὸν
1022 572 1098 654 πρὸς
1113 565 1209 652 Ἡρά-
1299 595 1300 602 “

183 676 281 732 κλειον
303 669 464 752 ἀπήγαγεν.
510 667 546 730 δν
566 664 737 752 Ἡράκλειος
759 670 944 749 θεασάμενος
966 663 1028 731 εἶπε
1050 668 1127 752 πρὸς
1150 670 1208 731 αύ-

157 768 248 831 στόν·
277 769 386 847 οὕτως,
412 765 514 847 άθλιε,
541 768 597 848 τῆν
624 768 775 828 πολιτείαν
802 765 978 846 ίδιοίκησας.
1029 765 1045 829 δ
1073 765 1105 828 δὲ
1133 766 1209 830 ἀπε-

184 864 353 946 γνωσμένος
380 863 493 938 ἐκεῖνος
519 863 682 946 ἀνθρωπος
709 863 885 946 ἀποκριθεὶς
912 864 984 944 ἔφη·
1018 865 1055 926 σὺ
1083 865 1209 927 κάλλιον

184 963 257 1043 ἔχεις
283 964 440 1042 διοικῆσαι.
486 962 536 1023 καί
563 972 681 1044 πρῶτον
710 959 763 1041 μὲν
786 961 936 1024 ἐκέλευσεν.
960 955 1130 1044 Ἡράκλειος
1152 962 1209 1036 τὰς

85 1083 125 1124 τοι
140 1082 171 1122 Μ.
185 1065 283 1141 χεῖρας
304 1059 354 1121 καί
375 1060 447 1134 τούς
468 1059 564 1134 πόδας
586 1060 680 1122 αὐτοῦ
703 1059 923 1142 ἀφαιρεθῆναι,
951 1059 1001 1121 καί
1024 1060 1095 1140 μετὰ
1117 1071 1207 1122 τοῦτο

185 1157 218 1219 ἐκ
240 1168 300 1220 τῶν
322 1158 412 1237 ὤμων
436 1157 708 1239 ἀκρωτηριάζεσθαι
730 1158 858 1240 λάρους,
886 1157 921 1218 τά
950 1157 982 1220 δὲ
1005 1158 1105 1220 αἰδοῖα
1127 1157 1208 1220 ἐκτί-

146 1279 172 1320 το
186 1262 315 1335 μνεσθαι
337 1256 387 1317 καλ
415 1262 533 1330 κοντοῖς
555 1255 742 1336 ἀναρτᾶσθαι
770 1255 819 1318 διὰ
844 1255 895 1330 τὰς
922 1254 1066 1337 ἀμέτρους
1093 1257 1209 1338 ὕβρεις,

185 1351 222 1427 δις
244 1354 378 1436 ἔπραξεν,
401 1354 499 1416 ἔπειτα
522 1352 556 1416 δὲ
578 1353 628 1415 καὶ
650 1353 706 1432 τήν
728 1353 862 1432 κεφαλήν
886 1355 1012 1438 μαχαίρᾳ
1034 1353 1207 1435 τέμνεσθαι,

184 1451 218 1512 τὸ
250 1451 283 1514 δὲ
309 1449 606 1531 κατεσκηλιτευμίνον
633 1461 718 1531 σῶμα
750 1461 803 1513 τοῦ
831 1453 1012 1531 δυσωνύμου
1039 1452 1208 1533 συρόμενον

186 1548 260 1609 κατὰ
278 1548 334 1627 τήν
351 1557 404 1610 τοῦ
422 1549 499 1620 Βοός
517 1547 686 1630 λεγομένην,
697 1548 810 1630 ἀγοράν
827 1557 866 1635 τῷ
882 1549 954 1632 πυρί
972 1550 1208 1631 παραδίδοσθαι.

189 1696 191 1700 .
256 1644 321 1707 Ούκ
350 1645 512 1718 ἀπεικότως
541 1638 598 1707 οὖν
629 1640 758 1728 ἔγραφεν
789 1647 804 1710 δ
836 1646 924 1728 μέγας
953 1643 1100 1730 Ἰσίδωρος
1131 1649 1208 1730 πρός
1299 1711 1300 1730 ,

146 1767 172 1808 ιι
187 1766 253 1802 τινα
278 1741 344 1823 περὶ
371 1752 424 1822 τῆς
447 1744 626 1824 δυστροπίας
651 1753 711 1804 τῶν
734 1746 947 1806 Καππαδοκῶν
970 1745 1079 1806 τοιάδε·
1107 1746 1138 1806 τί
1158 1745 1208 1806 σοί
1244 1748 1247 1754 ’
1299 1737 1300 1777 ί

187 1838 237 1901 καί
260 1846 300 1923 τῷ
316 1838 400 1922 γάνει
423 1845 462 1923 τῷ
483 1840 678 1927 θηροτρόπφ;
706 1842 736 1902 τί
761 1841 808 1904 σοί
834 1842 884 1903 καί
911 1848 951 1926 τῷ
975 1840 1132 1926 ἀλλοφύλῳ
1156 1843 1208 1903 καὶ
1299 1855 1300 1924 3

114 1950 115 1953 ’
187 1938 380 2023 πονηροτάτῳ
399 1937 496 2014 ἕθνεις
519 1939 549 2000 τί
564 1944 626 2012 τοῖς
644 1938 797 2021 δυσμενέσι
815 1941 971 2024 συμφύρη;
996 1941 1028 2016 οί
1043 1938 1209 2018 ἀλλόφυλοι
1299 1927 1300 1938 ¹

186 2035 243 2117 γὰρ
266 2035 299 2097 ἐκ
319 2037 532 2097 Καππαδοκῶν
550 2035 739 2117 ἀνήχθησαν,
761 2035 811 2097 καί
831 2035 975 2116 ἀπόγονοι
993 2037 1208 2098 Καππαδοκῶν

187 2131 366 2212 ἀλλόφυλοι,
383 2133 414 2206 ἐξ
437 2132 613 2220 ἀλλοφύλων
636 2131 669 2195 δὲ
689 2136 886 2214 Γαβαωνῖται.
927 2132 1129 2194 Καππαδόκαι
1152 2135 1208 2212 δη-

148 2257 175 2296 εο
188 2232 287 2293 λονότι
310 2233 498 2311 Γαβαωνῖται
520 2229 670 2293 πέλουσιν.
714 2231 788 2312 ἔχων
812 2223 867 2292 οὖν
890 2231 945 2310 τήν
967 2230 1088 2292 ἐκείνων
1111 2252 1208 2310 πονη-
1299 2253 1300 2315 χ

190 2329 257 2411 ρίαν
285 2326 475 2411 ἀνάγραπτον
497 2328 640 2410 ἐγγύθεν,
667 2330 697 2390 τί
722 2329 885 2409 θαυμάζεις
908 2327 977 2402 τοὺς
1000 2327 1208 2409 ψευδολόγους

262 2505 365 2554 15-17
385 2498 486 2552 Isidori
499 2498 590 2553 Polus
606 2498 649 2568 Ep
630 2517 677 2569 pp
693 2500 713 2568 Ι,
728 2505 779 2554 351
799 2499 988 2570 MigneTom
1006 2503 1048 2566 78,
1059 2497 1152 2553 3811).
1173 2531 1208 2540 -

193 2577 303 2639 17—1J
319 2574 379 2637 εον
395 2543 795 2640 11bL281Migne548A.
1299 2585 1300 2602 ³

261 2728 413 2798 2μίλαινα
431 2729 551 2784 ΒΒ-
575 2731 680 2784 ὅδιώκ
680 2747 751 2800 ησας
768 2729 833 2784 Exc.
858 2737 884 2784 et
905 2746 964 2784 κκο
983 2729 1075 2784 littera
1095 2735 1160 2785 οκλε
1178 2731 1209 2783 δι

188 2819 269 2858 erasa
261 2735 314 2855 2V
332 2798 524 2870 διοίκησαςΡ.
540 2807 610 2854 6
629 2801 799 2870 ἀποκριθεὶς
816 2817 866 2857 om.
881 2800 1024 2855 MRV.-
1044 2806 1077 2854 10
1096 2798 1210 2863 κόντοις

108 2892 111 2897 ·
188 2873 295 2928 BGGP
310 2873 374 2928 Exc.
394 2879 420 2928 et
441 2879 483 2926 ut
495 2873 550 2927 οιά.
569 2874 718 2927 A.-12
742 2870 1028 2941 κατεσκηληκευμένον
1046 2871 1112 2925 Ειο.
1140 2892 1209 2926 κατ-

189 2943 522 3014 εσκελιτευμένονίλμ-
547 2949 580 2996 13
599 2950 649 2997 τοῦ
668 2960 719 2999 om
738 2943 891 2997 ΒΜΒ.-
918 2950 991 2997 14-
957 2961 1021 3012 -μ,
1037 2947 1103 3010 667,
1124 2949 1157 2996 16
1176 2944 1209 2996 in

189 3019 255 3072 solis
272 3017 349 3072 codd.
364 3015 440 3069 ABP
458 3020 610 3070 extant-
631 3020 665 3068 14
685 3015 907 3084 {ypapszoe—
871 3019 959 3068 -16
977 2985 1160 3086 θηριοτρόπω
1174 3014 1207 3066 A.

190 3120 224 3128 -
254 3092 286 3140 17
310 3085 466 3178 δυσγενίσι]
494 3085 585 3175 γένεσι
607 3085 702 3139 B.-
731 3092 764 3140 19
788 3093 813 3141 et
836 3090 870 3140 20
894 3087 1085 3157 γαββαωνῖτοιι
1112 3085 1143 3138 Β.
1173 3116 1208 3125 -

190 3164 225 3212 20
243 3156 396 3230 πονηρίαν]
415 3154 589 3226 δυστροπίαν
607 3156 638 3210 Β.

191 3317 280 3378 εύθύς
303 3316 343 3369 ἔτι
365 3317 436 3383 πρὸς
454 3321 493 3369 τῶ
507 3314 594 3388 πλοίῳ
618 3316 679 3371 όντι
697 3313 922 3408 καταψηφίζετμι
940 3315 1086 3382 θάνατον,
1111 3315 1208 3370 ἔπειτα
1299 3371 1300 3380 ,

191 3386 223 3443 δὲ
241 3394 336 3456 χεῖρας
355 3387 385 3440 ἐκ
398 3395 454 3441 τῶν
469 3371 583 3456 ἀμων
570 3388 672 3455 ἀκρωτ.
687 3387 805 3442 καὶτῶν
820 3384 938 3478 αίδμίων
957 3356 1140 3456 ἐκτέμνεόθαι
1157 3387 1208 3441 καί
1299 3389 1300 3432 3

190 3477 215 3510 κ.
240 3457 338 3522 άναρτ.
362 3455 434 3509 οὕτω
456 3476 486 3511 τε
508 3458 540 3511 τὸ
563 3467 641 3527 σῶμα
666 3456 785 3525 συρέντα
807 3457 880 3513 κατὰ
901 3457 954 3527 τήν
969 3466 1019 3512 τοῦ
1041 3459 1065 3529 β.
1087 3459 1141 3526 λεγ.
1162 3458 1207 3528 ἀγ.
1299 3461 1300 3486 ³

190 3529 344 3651 mappa
371 3526 482 3582 Similia
499 3526 615 3582 Nic.—
639 3534 672 3582 16
691 3529 740 3582 καὶ
757 3548 784 3582 τι
778 3526 948 3583 ’σολΡ.-
974 3533 1006 3583 19
1026 3529 1075 3582 καλ
1093 3547 1208 3582 καππα-
