2617 3909
182 242 247 308 648
497 242 682 295 rmpmor
700 243 885 295 οτοακεου

181 392 288 467 κακόν;
315 388 375 453 ἀπὸ
402 400 519 472 τρυφῆς
545 388 596 452 καί
623 390 774 469 σπατάλης
794 389 845 451 καλ
871 389 932 453 ἀπδ
954 400 1007 452 τοῦ
1030 391 1071 470 μὴ
1095 393 1207 471 φοβεῖ-

181 495 256 551 σθαι
282 488 334 551 τόν
361 488 436 551 θεὸν
463 486 513 549 καλ
539 486 595 566 τὴν
623 486 786 567 μέλλουσαν
812 489 919 570 κρίσιν.
970 488 1041 550 όταν
1068 488 1127 571 γὰρ
1156 488 1206 550 έκ-

181 586 295 667 βάλωσί
320 606 397 659 τινες
424 585 476 647 τδν
502 594 639 647 τοιοῦτον
667 584 766 665 φόβον
795 585 829 647 έκ
855 594 909 665 τῆς
938 586 1062 667 καρδίας
1089 586 1205 666 αὐτῶν,

181 683 484 766 έγιιαταλιμιτάνονται
510 684 553 756 εἰς
575 681 655 756 τέλος
677 682 729 743 καλ
753 684 847 756 ούτως
870 683 1003 765 ἔρχονται
1025 683 1068 756 είς
1091 682 1205 745 έπνθυ-

153 784 251 861 ομίας
273 780 421 860 ἀνοήτους
442 778 493 841 καί
515 780 662 862 βλαβεράς
684 778 735 842 καλ
757 781 799 853 είς
822 781 909 860 πάθη
932 780 1057 861 ἀτιμίας.
1102 782 1205 862 ὥσπερ

182 879 238 961 γὰρ
256 876 360 940 πολλοί
382 878 523 951 πολλάκις
540 878 596 958 τὴν
618 888 678 939 τῶν
696 879 798 940 σιτίων
815 878 981 958 ἐπιθυμίαν
998 877 1126 956 ἀφέντες
1143 889 1206 961 γῆν

182 985 332 1037 σιτοῦνται
350 973 400 1036 καλ
418 976 525 1049 λίθους
544 976 660 1055 μικράς,
678 974 728 1037 καλ
746 974 838 1056 ἕτεροι
856 974 889 1037 δέ
906 975 967 1040 ύπδ
985 977 1098 1054 δίψους
1116 998 1205 1038 κατε-

181 1074 301 1154 χόμενοι
323 1074 459 1153 σφοδροῦ
482 1072 532 1135 καί
554 1072 705 1154 βορβόρου
722 1074 863 1146 πολλάκις
885 1072 1097 1153 ἐπιθυμοῦσιν,
1121 1075 1205 1135 οὕτω

180 1170 313 1235 κάκεῖνοι
340 1169 587 1248 καταλειφθέντες
614 1169 665 1231 διὰ
687 1169 739 1244 τὰς
760 1170 976 1253 προειρημένας
1002 1171 1099 1243 αἰτίας
1126 1170 1206 1251 πρὸς

139 1290 168 1334 ιο
181 1269 233 1332 τὸν
255 1267 390 1349 ύθεσμον
412 1278 518 1351 τοῦτον
540 1268 747 1347 ἐξεκαύθησαν
764 1268 865 1348 ἔρωτα.
906 1268 934 1329 εί
955 1265 987 1329 δέ
1010 1268 1067 1330 ούκ
1090 1268 1205 1329 αίσθά-

182 1390 294 1448 νονται,
318 1361 380 1429 ἀλλ’
401 1366 536 1447 ἥδονται,
559 1366 600 1446 μη
619 1366 789 1450 θαυμάσῃς.
830 1364 880 1426 καί
897 1365 954 1447 γὰρ
972 1366 1005 1427 οί
1025 1366 1205 1445 μαινόμενοι

182 1464 232 1527 καλ
251 1464 397 1547 φρενίτιδι
414 1464 601 1545 κατεχόμενοι
619 1464 700 1549 νόσῳ
717 1462 864 1525 τὰπολλὰ
882 1462 1007 1536 ἑαυτούς
1026 1462 1204 1537 ἀδικοῦντες

181 1562 231 1623 καί
253 1561 364 1623 έλεεινά
385 1562 579 1643 πράσσοντες,
607 1556 656 1638 ἐφ’
678 1555 724 1635 οἷς
750 1560 861 1633 αὐτοὺς
887 1559 979 1641 ἕτεροι
1006 1562 1203 1642 δακρύουσιν,

181 1663 284 1740 γελῶσι
302 1656 353 1719 καλ
370 1664 432 1731 τοῖς
450 1656 617 1738 γινομένοις
635 1658 738 1732 αύτοῖς
756 1657 949 1738 ἕντρυφῶσιν.
985 1658 1075 1719 πόσαι
1093 1659 1203 1721 λοιπδν
1297 1708 1306 1731 .

139 1778 167 1820 τε
181 1755 297 1837 γέενναι
319 1761 382 1829 τοῖς
403 1755 549 1829 τοιούτοις
571 1753 749 1837 ἀρκέσωσιν,
775 1754 827 1817 καί
852 1755 932 1817 πόσα
952 1756 1147 1837 κολαστήριας
1177 1758 1206 1820 εί

182 1852 214 1916 δὲ
236 1857 398 1938 καταγελᾷς
419 1850 542 1934 γεέννης
561 1851 683 1914 ἀκούων
705 1853 755 1915 καί
777 1852 909 1928 ἀπιστεῖς
930 1853 1033 1940 ἐκείνη)
1055 1860 1095 1938 τῷ
1115 1856 1203 1937 πυρί,

180 1950 392 2031 ἀναμνήσθητι
419 1951 509 2012 πάλιν
535 1951 588 2014 τδν
614 1950 647 2012 έν
670 1950 820 2031 Σοδόμοις
842 1957 929 2013 θεῖον
951 1951 1127 2032 έμπρησμδν
1150 1952 1202 2014 καί

181 2050 236 2130 τὴν
263 2048 397 2130 φοβερὰν
425 2047 542 2127 ἐκείνην
572 2048 731 2129 φλόγωσιν.
777 2049 805 2110 εί
832 2042 889 2111 σύν
915 2059 1036 2111 τοιαῦτα
1062 2050 1202 2131 πράττων

181 2146 231 2207 καλ
253 2146 291 2208 σὺ
314 2147 403 2225 δίκην
421 2146 457 2209 ού
477 2148 577 2225 δίδως,
600 2145 640 2224 μὴ
661 2145 831 2229 θαυμάσῃς.
872 2144 980 2207 έκεῖνοι
1002 2143 1057 2224 μέν
1078 2144 1136 2227 γὰρ
1159 2144 1202 2219 ὡς

139 2266 168 2308 το
182 2243 222 2324 μὴ
251 2244 306 2324 τὴν
332 2242 456 2326 γέενναν
483 2244 592 2318 είδότες
619 2242 826 2322 ἐκολάσθησαν
853 2242 934 2324 παρὰ
960 2242 1070 2322 πόδας,
1100 2244 1138 2305 σὺ
1167 2242 1202 2305 δέ

180 2376 395 2385 -ι--ι--ι--ι

253 2447 341 2495 ε-ιο
356 2440 452 2509 chrys.
466 2442 502 2495 ιο.
517 2457 558 2511 cp.
575 2446 588 2495 1
597 2442 644 2508 fin.
665 2440 761 2511 Migne
775 2445 827 2495 ιιι
836 2441 934 2508 fin·-
954 2445 1059 2494 10-14
1073 2442 1109 2497 υ,
1124 2448 1199 2511 φτ

180 2512 276 2581 Migno
300 2517 352 2566 418
361 2514 409 2579 fin.
434 2542 467 2552 -
496 2517 610 2566 14-18
636 2513 672 2566 ι’ύ.
691 2518 768 2581 συθ
793 2511 890 2580 Migne
909 2516 961 2563 420
983 2518 1052 2579 post.
1071 2513 1134 2567 init.
1164 2544 1200 2553 -

181 2587 254 2636 18-
257 2599 286 2651 μ.
302 2588 367 2651 649,
388 2587 402 2634 7
422 2580 613 2650 chysostomi
631 2582 717 2636 verba
734 2582 765 2635 in
783 2582 864 2636 Hom.
884 2582 914 2635 in
932 2582 952 2635 Ι.
972 2582 1068 2637 Thess.
1088 2588 1105 2637 8
1124 2590 1200 2652 ομθ

180 2653 276 2723 Migne
290 2659 342 2707 443
351 2654 400 2721 fin.
419 2658 472 2707 444
482 2655 543 2707 init.
558 2653 587 2706 in
601 2653 757 2707 breviorem
770 2652 891 2710 formam
905 2653 1021 2708 redacta
1034 2656 1063 2707 et
1076 2656 1199 2710 mutata.

252 2819 267 2866 2
288 2812 437 2886 έκβάλλωσι
451 2811 530 2866 BCD
549 2819 574 2867 et
586 2829 656 2867 rece.
672 2812 789 2882 quidam
812 2810 960 2884 έκβάλοοσι
973 2812 997 2867 G
1014 2819 1039 2868 et
1051 2830 1122 2868 εεοο.
1138 2812 1199 2869 alii.

180 2917 214 2926 -—
234 2890 249 2939 ‘1
265 2885 381 2956 μικρούς
395 2883 508 2938 BMRV
519 2882 580 2937 chr.
597 2916 631 2925 -
650 2889 703 2940 8.θ
717 2883 789 2939 οὕτω
804 2884 839 2954 δὴ
854 2885 981 2939 κάκεῖνοι
995 2884 1075 2938 οοόά.
1086 2892 1201 2953 praeter

177 2956 230 3011 BP
240 2955 301 3010 Chr.
322 2988 355 2997 -
380 2961 396 3009 9
415 2953 645 3024 καταληφθέντες
663 2954 722 3009 ΟΙ).
742 2987 778 2995 -
797 2959 830 3010 10
848 2956 949 3009 τούτου
968 2954 988 3009 (λ
1012 2955 1119 3010 τούτων
1137 2956 1198 3010 ΕΡ.
1301 2983 1306 2995 ·

179 3059 213 3069 -
229 3026 449 3097 ἒξεκάμφθησαυ
463 3026 486 3078 Β
502 3026 627 3095 κατεκάμ
650 3030 746 3095 θησαν
759 3026 792 3081 R.
808 3058 842 3067 -
857 3032 891 3080 13
906 3022 954 3093 ἐφ’
970 3022 1013 3087 ολς
1027 3026 1123 3088 αὐτοῖς
1138 3027 1198 3082 RV.

179 3130 214 3138 -
235 3104 268 3153 14
287 3098 446 3168 γενομένοις
464 3097 518 3151 BR
541 3046 699 3166 λεγομέύοις
721 3096 751 3151 P.
772 3128 806 3138 -
831 3103 864 3151 16
882 3095 1038 3164 ἀρκέσασιν
1058 3096 1200 3152 DEGPR

180 3166 345 3235 ἀρκέσουσιν
360 3168 471 3223 BOMV
481 3167 543 3222 Chr.
559 3199 593 3208 -
607 3168 657 3221 καλ
674 3165 750 3223 πόσα
763 3167 815 3221 ΒΡ
832 3169 881 3222 καὶ
895 3184 945 3223 om.
958 3168 1019 3221 rell.
1032 3200 1068 3209 —
1083 3174 1116 3222 16
1130 3169 1200 3223 ἀττι-

180 3245 247 3309 στῇς
265 3237 357 3293 GGM.
377 3271 411 3280 -
431 3244 463 3293 17
484 3238 638 3309 έμπρισμὸν
658 3238 742 3293 GGM
766 3239 938 3308 έμτιυρισμδν
956 3238 1015 3293 ΕΡ.

254 3400 268 3448 1
283 3396 332 3450 καλ
347 3396 488 3465 σκυτάλης
501 3398 550 3450 καλ
564 3394 785 3466 έγκαταλείψεως
797 3402 869 3453 θεοῦ
884 3399 933 3453 καλ
946 3398 1004 3453 ἀπὸ
1018 3406 1068 3453 τοῦ
1079 3398 1117 3467 μὴ
1130 3401 1197 3470 φοβ.

179 3465 267 3520 αύεὸν
286 3466 335 3518 καλ
352 3465 375 3517 Ρ
393 3468 437 3534 (ef.
453 3466 549 3534 Chrys.
564 3468 581 3520 λ.
597 3468 614 3520 ί.
628 3484 670 3535 ομ.
686 3473 701 3519 1
720 3468 817 3537 Migno
836 3474 887 3522 418
897 3470 978 3539 δολί).
1000 3500 1033 3509 —
1054 3475 1087 3523 10
1105 3468 1198 3535 έροιτα

178 3536 230 3589 καλ
249 3535 320 3602 πρὸς
337 3534 388 3603 τὴν
406 3535 512 3603 μιαρόιν
530 3535 622 3604 ὄρεξιν
641 3534 748 3605 μανίαν
765 3557 795 3592 τε
813 3539 862 3592 καὶ
879 3539 984 3594 λύσσαν
1002 3540 1032 3593 Ρ.
1052 3570 1086 3581 -·-
1109 3544 1141 3593 12
1161 3540 1198 3594 τόι

179 3622 230 3659 om.
245 3603 340 3658 PChrz
361 3636 394 3643 —
415 3611 447 3658 1⁶
467 3604 561 3673 γέεναι
578 3608 644 3669 τούς
661 3608 807 3670 τοιούτους
824 3609 853 3663 Ρ.
