2617 3909
535 261 724 313 xpomxou
1073 261 1140 325 479

122 409 285 491 φάρμακον
312 397 387 467 οὖσα
415 406 565 487 φαρμακίς
593 407 762 481 ἀθανασίας
789 407 946 490 πρόξενον,
975 410 1046 492 ὅπερ
1069 409 1139 472 ὅλον
1153 432 1240 473 sun.

121 506 156 568 τὸ
179 515 264 583 σῶμα
287 501 442 585 χριόμενον
465 504 497 566 έν
520 511 581 579 τοῖς
604 508 755 586 πολεμίοις
777 504 918 588 ὑπάρξεις
940 504 1075 587 ἀτρωτος.
1111 509 1140 569 εἰ

122 601 156 666 δὲ
183 602 281 677 θέλεις
308 599 373 683 ἀρτι
399 609 504 687 πεῖραν
533 606 648 685 λαβεῖν,
675 603 835 686 ἐπίτρεψόν
863 628 914 684 μοι
940 614 1026 667 τοῦτο
1049 629 1137 667 κατα-

123 703 274 764 σκευάσαι.
310 714 363 766 τοῦ
383 703 415 766 δέ
434 702 504 784 μετὰ
522 707 632 782 πολλῆς
655 713 745 783 χαρᾶς
763 702 985 785 ἐπιτρέψαντος,
1008 706 1139 785 λαβοῦσα

121 799 217 883 κηρόν
244 798 264 880 ή
293 804 421 885 μακαρία
447 800 497 864 καί
524 800 610 886 ἐλαίῳ
639 801 807 880 συμμίξασα
833 800 883 862 καλ
906 801 954 863 έπί
977 802 1052 864 πολὺ
1075 809 1138 875 ταῖς
1166 823 1178 863 σ

121 897 203 981 χερσί
232 901 383 978 μαλάξασα
414 900 464 962 καί
497 897 547 960 τδν
578 897 685 978 ἑαυτῆς
712 897 821 979 αόχένα
847 902 1037 982 περιχρίσασα
1064 898 1139 982 λέγει

122 996 199 1080 πρὸς
222 997 325 1059 αὐτόν·
353 998 483 1072 πάταξον
502 995 543 1070 ὡς
561 997 648 1080 δόνη,
671 995 721 1057 καλ
745 995 814 1074 ὄψει
837 996 892 1076 τήν
914 995 1063 1080 ἐνέργειαν
1085 1008 1138 1077 τῆς
1204 1066 1207 1070 ,

122 1093 263 1175 ἀλειφής,
292 1096 335 1156 ὅτι
363 1094 429 1158 οότε
455 1095 574 1174 πλήξεις
601 1092 669 1156 οὔτε
696 1096 879 1168 θανατώσεις
906 1118 950 1174 με.
996 1093 1011 1157 δ
1035 1094 1067 1158 δὲ
1096 1097 1139 1169 εἰς

122 1193 205 1271 ὕψος
233 1192 343 1276 έπάρας
370 1195 402 1256 τὸ
428 1194 515 1271 ξίφος
538 1191 588 1253 καί
610 1188 675 1252 κατ’
696 1192 789 1271 αὐτῆς
812 1191 975 1273 ἰπενεγκὼν
998 1192 1138 1273 ἀπέτεμεν

121 1289 237 1364 εὐθέως
264 1291 319 1371 τήν
347 1293 446 1372 τιμίαν
474 1290 567 1369 αὐτῆς
588 1290 691 1371 κάραν.
737 1289 787 1351 καί
810 1290 888 1352 οὕτω
911 1291 1057 1369 νικήσασα
1078 1302 1138 1352 τῶν
1153 1315 1179 1353 ιο

122 1390 279 1467 δυσμενῶν
311 1388 366 1468 τήν
398 1389 580 1470 κακουργίαν
612 1388 737 1449 διπλοῦν
769 1386 820 1448 τόν
853 1387 1001 1466 στέφανον
1028 1398 1080 1450 τοῦ
1108 1412 1137 1450 τε
1235 1382 1238 1386 ’

121 1488 290 1568 μαρτυρίου
312 1485 363 1548 καί
385 1496 438 1567 τῆς
461 1484 578 1568 ἀγνείας
601 1483 774 1564 ἀνεδήσατο.
1130 1478 1131 1481 “

185 1578 337 1658 Ὡσαύτως
360 1583 393 1646 δέ
415 1583 466 1646 καί
488 1581 559 1662 άλλη
582 1606 625 1656 τις
643 1583 859 1664 εὐπρεπεστάτη
876 1584 951 1667 κόρη
970 1587 1138 1667 παρθενίαν

121 1680 256 1743 ἀσκοῦσα
288 1682 434 1762 διεβλήθη
463 1680 503 1755 ἀς
529 1683 748 1762 βλασφημοῦσα
775 1682 844 1756 τοὺς
870 1684 999 1762 βασιλεῖς
1026 1683 1076 1745 καλ
1102 1684 1138 1744 τά

121 1781 238 1842 εἴδωλα.
275 1777 314 1859 ήν
333 1779 544 1862 συλλαβόμενοι
564 1777 615 1840 καί
633 1780 726 1841 πολλά
744 1781 977 1861 μαστιγώσαντες
994 1781 1036 1861 μὴ
1055 1780 1137 1843 όπεί-
1152 1801 1177 1842 ιι

121 1894 239 1939 κονσαν
262 1887 297 1962 τῇ
321 1879 432 1941 τοῦτον
456 1878 611 1962 δυσσεβείγ
633 1876 869 1960 παρέδωκανείς
886 1885 1026 1959 πορνεῖον
1049 1879 1138 1942 ἐντει-

122 1975 245 2054 λάμενοι
276 1982 315 2060 τῷ
345 1978 452 2049 ταύτας
483 1974 601 2055 νέμοντι
633 1975 776 2050 δέξασθαι
793 1977 902 2055 ἀὐτήν
931 1975 1138 2056 καῖ’κομίζειν

121 2070 197 2156 ὑπὲρ
225 2073 317 2152 αὐτῆς
343 2067 414 2135 καθ’
440 2071 553 2156 ἡμέραν
583 2075 749 2152 νομίσματα
775 2071 814 2155 γ’.
860 2073 877 2137 δ
901 2073 933 2136 δὲ
961 2072 1002 2147 ἀς
1025 2073 1143 2154 μέλλων·

120 2171 349 2252 εἰσπράττεσθαι
371 2171 414 2233 τδ
425 2173 547 2253 χρυσίον
569 2171 691 2234 ἔκδοτον
713 2172 808 2251 αάτήν
830 2171 931 2250 ἔστησε
950 2177 1013 2244 τοῖς
1030 2173 1137 2252 βουλο-

122 2267 233 2349 μένοις.
280 2268 350 2350 ὅπερ
373 2269 492 2352 γνόντες
515 2269 547 2330 οί
570 2274 799 2350 γυναικομανεῖς
820 2268 1010 2350 παρήδρευον
1032 2275 1071 2352 τῷ
1090 2269 1136 2351 έρ
1150 2293 1178 2331 κο

121 2366 272 2451 γαστηρίιμ
300 2375 353 2446 τῆς
377 2365 502 2447 ἀνομίας
524 2366 599 2447 πρὸς
621 2365 717 2445 αὐτήν
739 2366 935 2446 εἰσπηδῶντες
957 2366 1007 2427 καί
1030 2366 1062 2427 τὸ
1084 2365 1137 2449 ἀρ-

122 2461 229 2546 γύριον
261 2464 458 2544 προδιδόντες.
509 2462 562 2537 οὓς
591 2468 802 2545 παρακαλοῦσα
833 2463 940 2544 ἔλεγεν·
972 2462 1055 2538 ἕλκος
1082 2465 1136 2546 ἔχω

121 2563 255 2636 δυσῶδες
282 2562 324 2634 εἰς
355 2562 406 2624 τὸν
437 2561 640 2644 κεκρυμμένον
671 2561 763 2623 τόπον
795 2560 844 2622 καί
876 2560 996 2624 δέδοικα
1019 2563 1059 2643 μὴ
1087 2563 1136 2623 καί

121 2659 202 2739 ἀμᾶς
225 2669 277 2739 τής
300 2659 395 2734 αἰτίας
418 2661 583 2741 μεταδώσω.
620 2655 684 2720 ἀλλ’
705 2657 878 2738 ἀναμείνατε
899 2658 998 2742 ὀλίγας
1016 2658 1136 2744 ἡμέρας,

122 2755 180 2830 ἕως
214 2754 252 2817 ἀν
279 2755 407 2839 δγιάνω,
438 2756 488 2819 καί
515 2757 651 2832 ἐξουσίαν
679 2780 737 2837 μου
764 2756 838 2838 ἔχετε
865 2758 998 2821 πάντοτε.
1043 2759 1136 2832 οίίτεος
1150 2781 1177 2821 τι

197 2961 300 3025 13-μ.
316 2959 376 3021 480,
394 2960 426 3010 14
444 2957 479 3023 cf.
494 2953 616 3038 ss‘alladii
634 2955 707 3010 Hist.
722 2955 804 3010 Ιιοοε,
823 2973 864 3026 ορ.
881 2961 1021 3010 148-149
1042 3027 1049 3039 ·
1072 2956 1078 2968 '
1120 2972 1135 3009 ο

116 3028 269 3169 ἶσχοχὸβε,
285 3027 388 3081 1251Α
407 3028 450 3096 (cf.
470 3025 642 3097 H1ppolytus
661 3027 705 3082 ed.
722 3027 889 3082 Bonwotsch
907 3029 936 3081 et
951 3026 1065 3082 Achehs
1118 3034 1134 3082 2

196 3263 212 3312 2
230 3257 377 3330 χριόμενος
389 3256 470 3311 BFL.
486 3289 519 3298 -
533 3252 664 3326 πολέμοις
676 3257 755 3311 FLR.
769 3290 805 3298 —
824 3263 840 3312 3
857 3257 990 3312 σκευάσαι
1003 3257 1086 3314 ABV.
1100 3289 1135 3300 ·—

121 3336 139 3384 8
155 3330 276 3399 άλοιφής
289 3328 371 3382 BER
389 3328 532 3399 ἀληφήςθ
550 3327 691 3398 ἀίιφῆςθ
708 3327 818 3398 ἀλοφῆς
831 3329 860 3383 Ιι.
875 3361 911 3370 -
925 3335 960 3383 10
973 3329 1061 3390 εὐθὺς
1074 3329 1135 3386 ΙιΜ.

121 3433 158 3442 -
178 3407 212 3455 22
231 3398 415 3469 προδίδοντες
433 3400 490 3454 AI).
511 3431 544 3440 -
564 3406 598 3454 24
616 3402 683 3469 ὑμῖν
701 3400 814 3455 BDFR.

198 3575 230 3624 15
245 3567 282 3638 ἣν
296 3569 344 3622 καλ
358 3566 555 3696 συλλαβόμενοι
569 3568 598 3622 P.
610 3599 643 3608 -—
659 3573 694 3621 23
708 3567 848 3639 ὀδυνηρὸν
861 3571 910 3624 καλ
922 3571 1047 3630 δυσῶδες
1058 3567 1089 3622 Ρ.
1098 3598 1135 3608 ·-

121 3647 159 3695 24
178 3636 347 3710 ἀναμείνατέ
364 3659 412 3710 μοι
447 3638 526 3712 λίγας
541 3639 586 3709 ήμ.
602 3639 624 3693 P
643 3639 753 3710 (ένδοτέ
768 3660 815 3710 μοι
832 3640 921 3709 Pau).

179 3739 323 3790 Georgius
336 3739 495 3782 Monachus
508 3739 543 3780 ed.
554 3738 582 3780 de
596 3739 664 3780 Boot.
676 3740 708 3781 11
940 3733 973 3781 31
