2617 3909
190 230 255 295 396
501 234 688 286 ΓΕυΡΓΙοο
705 232 887 288 mmor

189 381 297 455 αὐτοῖς.
343 380 415 445 ὥστε
442 375 498 443 οὖν
525 382 598 443 κατὰ
625 381 681 461 τήν
707 383 941 464 σκληροκαρδίαν
972 382 1057 463 ὑμῶν
1082 383 1133 445 καί
1161 384 1206 445 οὗ

188 479 262 541 κατὰ
288 480 343 559 τήν
372 479 544 561 ἀγαθότητα
571 479 699 543 δέδωκεν
720 479 794 560 ὑμῖν
816 480 913 543 ἐκεῖνα
935 480 970 542 τὰ
991 482 1203 564 προστάγματα

188 578 315 659 πάντως,
338 577 388 639 καί
409 576 534 652 ἀλλοίως
556 578 612 641 οὐκ
634 579 721 641 ἔστιν.

252 671 334 738 Ἐπεί
349 668 405 737 οὖν
423 674 569 757 ἀγνώμων
586 677 704 759 σφόδρα
723 675 775 737 καλ
792 678 859 737 λίαν
876 675 1030 759 ἀχάριστος
1047 676 1064 740 ὁ
1079 673 1201 759 Ἰσραήλ

162 774 309 836 οὲκπαλαι
332 773 488 855 γενόμενος
511 773 560 835 καί
583 776 761 852 καταλείψας
784 774 836 836 τὸν
857 773 949 847 ὄντως
967 774 1039 838 ὄντα
1055 775 1105 837 καλ
1121 799 1200 857 προ-

187 875 258 935 όντα
280 871 355 933 θεὸν
377 870 428 933 τὸν
450 872 615 951 ποιήσαντα
636 871 687 933 καλ
709 872 937 954 εὐεργετήσαντα
954 872 1046 936 αὐτὸν
1067 879 1197 953 πολυμε-

186 980 244 1051 ρῶς
266 968 316 1031 καλ
339 968 531 1052 πολυτρόπως
552 969 603 1031 καλ
624 968 721 1031 τέλεον
744 968 874 1042 ἀποστὰς
891 968 951 1031 ἀπὸ
968 976 1045 1032 θεοῦ
1065 981 1203 1053 σωτήρος

186 1067 278 1129 αὐτοῦ
301 1068 391 1129 ἔθυσε
413 1067 483 1141 τοὺς
505 1067 590 1141 υίοὺς
611 1066 662 1128 καὶ
684 1066 736 1141 τὰς
756 1066 923 1149 θυγατέρας
941 1066 1034 1130 αὐτοῦ
1051 1074 1113 1141 τοῖς
1130 1070 1197 1130 δαι-

187 1167 310 1245 μονίοις,
332 1164 382 1226 καί
405 1166 563 1247 λατρεύσας
584 1164 635 1226 καί
656 1165 867 1246 προσκυνήσας
884 1175 920 1249 τῇ
937 1167 1028 1226 κτίσει
1044 1165 1126 1248 παρὰ
1143 1166 1201 1229 τὸν
1298 1163 1299 1166 “

147 1280 172 1321 1ο
186 1264 333 1343 κτίσαντα,
357 1260 448 1344 λέγων
470 1269 510 1347 τῷ
525 1264 602 1347 λίθῳ
624 1262 675 1324 καί
697 1270 737 1348 τῷ
752 1264 842 1349 ξήλφ·
865 1264 937 1337 θεός
956 1286 1014 1342 μου
1036 1258 1065 1325 εί
1084 1263 1134 1324 καλ
1157 1265 1199 1325 σοί

186 1384 219 1441 με
243 1359 415 1442 ἐγέννησας,
445 1361 501 1421 οὐκ
528 1360 646 1441 ἔφριξεν
669 1359 686 1423 ὁ
708 1362 795 1435 τάλας
816 1360 867 1422 καλ
889 1360 1077 1440 ἀπόπληκτος
1099 1360 1196 1443 ἀπαρ-

184 1460 334 1537 νήσασθαι
361 1459 413 1520 τὸν
439 1458 621 1539 γεννήσαντα
649 1458 740 1522 αὐτὸν
762 1459 837 1521 θεὸν
859 1460 953 1532 ζῶντα
974 1458 1024 1520 καλ
1045 1457 1198 1539 ἀληθινὸν

184 1554 233 1616 καλ
260 1554 456 1617 ἐπιλαθέσθαι
483 1564 535 1617 τοῦ
562 1554 722 1637 τρέφοντος
748 1556 839 1619 αὐτὸν
866 1561 955 1636 θεοῦ,
989 1555 1036 1618 διὸ
1063 1556 1102 1635 δή
1132 1561 1194 1618 λοι-

183 1652 241 1713 πὸν
264 1650 305 1726 ὡς
327 1650 472 1734 ἀχρηστον
495 1652 544 1715 καί
567 1652 729 1732 ἀνήκεστον
751 1654 955 1735 προσώχθισεν
977 1653 1068 1715 αὐτὸν
1086 1653 1103 1717 ὁ
1122 1654 1195 1728 θεὸς

144 1768 168 1807 ιο
182 1750 232 1812 καλ
260 1749 432 1831 ἀπεστράφη
462 1757 610 1825 παντελῶς
636 1752 688 1813 διὰ
709 1761 762 1812 τοῦ
784 1752 912 1831 μεγάλου
933 1751 1032 1813 Δανλδ
1055 1753 1196 1830 φάσκων

182 1847 232 1909 καλ
259 1847 315 1910 οὐκ
337 1847 465 1927 ήκουσεν
493 1847 508 1910 ὁ
532 1850 601 1923 λαός
625 1872 684 1929 μου
706 1858 758 1929 τής
781 1859 885 1928 φωνής
908 1873 981 1930 μου,
1008 1848 1059 1910 καί
1078 1844 1197 1932 Ἰσραήλ

183 1945 219 2007 οὐ
242 1946 381 2028 προσέσχε
401 1970 460 2027 μοι,
483 1946 533 2008 καλ
555 1946 739 2021 έξαπέστειλα
761 1946 870 2021 αὐτοὺς
891 1947 965 2008 κατὰ
982 1947 1018 2008 τὰ
1040 1946 1194 2027 έπιτηθεύ·

183 2067 258 2123 ματα
289 2054 348 2106 τῶν
379 2046 509 2127 καρδιῶν
536 2044 634 2106 αὐτῶν
661 2045 849 2126 πορεύεσθαι.
899 2044 1038 2119 ὡσαύτως
1064 2045 1115 2106 καλ
1141 2044 1195 2106 διὰ
1297 2035 1298 2062 ³

182 2144 331 2223 Ζαχαρίου
358 2144 463 2221 φησίν·
495 2141 545 2204 καί
567 2136 665 2204 είπου·
692 2142 729 2203 οὐ
756 2152 892 2222 ποιμανῶ
914 2143 1036 2221 αὐτούς,
1063 2141 1137 2204 ἀλλά
1158 2144 1194 2205 τὸ
1213 2210 1225 2219 ,
1297 2127 1298 2164 ³

43 2254 81 2294 ιοτ
96 2254 126 2293 M.
142 2256 168 2295 ευ
181 2238 378 2320 ἀποθνῆσκον
400 2238 624 2320 ἀποθνησκέτω,
646 2239 697 2301 καλ
714 2240 746 2302 τὸ
765 2237 968 2319 ἀπολλύμενον
985 2238 1192 2320 ἀπολλνέσθω,
1297 2307 1298 2312 χ

181 2336 231 2398 καί
253 2336 288 2397 τὰ
311 2338 471 2399 κατάλοιπα
493 2336 669 2399 κατεσθιίτω
694 2336 813 2411 ἕκαστος
835 2337 887 2411 τὰς
909 2338 1019 2418 σάρκας
1041 2348 1093 2399 τοῦ
1116 2342 1190 2417 πλη-

182 2436 246 2496 σίον
274 2433 374 2496 αὐτοῦ.
419 2435 468 2497 καλ
496 2437 572 2498 οὕτω
601 2436 725 2516 μισητὸν
751 2434 801 2497 καλ
828 2434 1049 2516 διεφθαρμένον
1076 2434 1125 2496 καὶ
1148 2436 1191 2509 είς

180 2532 260 2593 λίπαν
287 2532 500 2615 έβδελυγμένον
527 2533 576 2595 διὰ
601 2544 660 2596 τῶν
683 2535 837 2614 αἰσχίστων
859 2533 909 2595 καλ
931 2540 1102 2614 θεοστυγῶν
1125 2532 1189 2594 ἔπι-

252 2704 387 2759 τΡειΙιη.
408 2709 459 2758 105
479 2708 563 2772 (ιοω,
583 2710 624 2759 ω.
644 2738 679 2746 -
699 2710 732 2758 10
750 2704 850 2759 Jerem.
871 2711 900 2773 ο,
915 2710 957 2758 ω.
977 2736 1010 2745 -
1032 2709 1064 2758 16
1084 2704 1186 2759 psalm.

180 2780 213 2830 80
229 2779 293 2845 (81),
309 2782 354 2844 12·
372 2782 465 2829 13-
487 2781 519 2830 ιο
538 2774 619 2830 Ζοοο.
637 2783 679 2844 11
693 2781 717 2830 ο

251 2918 335 2987 2τὴν
350 2919 436 2972 αὐτου
451 2915 614 2987 ἀγαθότητα
628 2916 702 2971 AFN
720 2917 771 2986 τήν
786 2915 951 2987 ἐκείνουάγ.
967 2917 1046 2970 L.—
1065 2918 1132 2986 4ἀγ
1134 2918 1188 2971 νώ-

179 3010 238 3059 μων
256 2990 305 3043 καλ
294 2985 382 3043 λλίαν
396 2988 508 3058 σφόδρα
522 2988 676 3081 ἀχάριστος
684 2989 735 3043 RV
753 2986 864 3058 σφόδρα
878 3007 928 3044 om
927 2940 968 3042 γΑ
985 2990 1047 3058 ἀγν.
1062 2939 1132 3042 λίαν
1140 2990 1189 3043 καί

178 3060 233 3113 ἀ’
198 3077 328 3130 χαριστος
340 3059 416 3114 πανυ
431 3060 510 3115 Β
530 3065 546 3113 8
565 3062 630 3123 τους
647 3060 729 3121 υἱους
746 3061 834 3115 αάτοῦ
847 3059 932 3114 AMR
950 3061 1037 3114 αὐτοῦ
1052 3067 1116 3129 post
1132 3064 1187 3113 θυ-

178 3082 245 3201 γατέ
245 3152 295 3199 ρας
313 3148 363 3186 ουτ
378 3132 502 3185 MR-
527 3136 542 3184 9
566 3131 617 3200 τὴν
639 3128 729 3185 κτίσιν
747 3130 862 3184 BV.-
886 3137 919 3185 10
937 3135 975 3202 τῷ
993 3132 1064 3203 ξύλῳ
1087 3131 1135 3185 καλ
1152 3137 1192 3205 τῷ

178 3153 260 3291 λίθφρ
264 3202 370 3257 RV-
390 3198 467 3257 είσθ
485 3203 533 3257 καλ
550 3204 583 3257 συ
597 3203 704 3256 BF-
725 3207 757 3255 19
772 3202 803 3256 τὸ
817 3186 1008 3270 ἀποθνήσκων
1021 3187 1067 3256 AC
1086 3188 1187 3257 ὁάπο-

176 3256 310 3339 θνησκων
324 3275 405 3329 Β
425 3280 459 3327 20
478 3273 644 3329 ἀπολυέσθω
660 3272 736 3328 GRV
750 3273 918 3327 ἀπολλυσθω
931 3274 1011 3326 Ρ
1032 3280 1073 3327 22
1086 3279 1120 3327 23
1139 3274 1188 3327 καλ

177 3344 248 3405 είς
230 3363 307 3469 αἶαν
322 3346 407 3417 έβθελ
422 3363 472 3400 om.
488 3346 525 3413 Μ,
541 3352 604 3414 post
618 3341 791 3416 αἰσχίστων
779 3361 831 3399 οπο
844 3344 868 3396 D
887 3346 936 3398 καλ
949 3352 975 3399 et
988 3342 1187 3415 έβὸελυγμέυον

177 3432 226 3469 om.
270 3459 275 3469 .

250 3538 266 3586 5
285 3534 312 3587 Α
331 3535 409 3587 verbo
434 3531 501 3587 ὄντα
524 3533 555 3584 ιἰι
578 3532 701 3585 ordinem
722 3532 794 3585 redit
811 3530 840 3584 P.
864 3562 898 3570 -
922 3535 938 3583 8
957 3539 1014 3592 τοῖς
1032 3546 1082 3584 om.
1102 3529 1131 3584 P.
1152 3562 1186 3572 -

179 3608 211 3655 10
230 3603 297 3675 λέγω
316 3604 345 3658 P.
366 3636 399 3643 -
421 3609 453 3658 14
472 3600 667 3674 προσόχθησευ
686 3601 714 3654 P.
733 3634 766 3641 -
786 3607 819 3654 22
839 3602 992 3670 ὃιεφθαρμ.
1007 3620 1036 3655 τε
1054 3602 1102 3655 καλ
1120 3602 1149 3654 P.
