2617 3909
196 221 260 286 722
507 222 696 274 Γιταοοιον
713 221 896 274 ποσιτιον

194 371 339 444 δεύοντες.
374 369 411 432 ού
430 369 485 451 γὰρ
503 367 726 451 προστιθέασιν,
749 369 795 431 ὅτε
818 367 1009 450 λέγουσιτὸν
1028 368 1143 448 πατέρα
1165 370 1217 430 τὸν

194 469 388 550 ἐπουράνιον,
416 467 461 529 ὅτι
488 466 540 528 τδν
568 466 662 546 μόνον
689 464 838 546 ἀληθινὸν
865 466 939 529 θεὸν
966 466 1018 528 τὸν
1046 467 1218 546 ποιήσαντο

195 568 247 629 τὸν
269 565 401 648 οῦρανδν
422 562 473 626 ιιαί
495 563 551 644 τὴν
567 575 626 648 γῆν
648 564 700 626 καί
722 565 819 626 πάντα
840 564 876 626 τὰ
898 564 931 626 ίν
954 564 1063 638 αὐτοῖς.
1102 565 1162 646 χρὴ
1185 565 1217 626 δὲ

195 664 247 726 τὸν
269 662 553 744 προσδιαλεγόμενον
580 661 750 746 όρθόδοξον
772 663 864 725 αἰτεῖν
886 662 938 725 τὸν
960 667 1141 744 Μανιγαῖον
1164 674 1217 724 τοῦ

170 763 289 824 σείπεῖν
316 760 349 822 τδ
374 761 525 841 σύμβολον
551 770 605 840 τῆς
626 761 750 834 πίστεως
778 761 795 822 ὅ
817 760 909 822 ἔστιν·
937 760 1065 824 πιστεύω
1094 761 1140 834 είς
1166 760 1217 823 ἕνα
1284 802 1285 814 1

195 859 271 922 θεὸν
292 856 403 941 πατίρα
425 859 648 940 παντοκράτορα
671 857 800 937 ποιητὴν
828 858 960 939 ούρανοῦ
987 857 1037 919 καί
1064 868 1122 939 γῆς
1147 858 1216 941 δρα-

196 966 255 1018 τῶν
277 979 307 1017 τε
328 956 449 1018 πάντων
471 955 522 1017 καί
541 955 677 1036 ἀοράτων
699 955 750 1016 καί
772 955 808 1016 τὰ
826 956 902 1036 ἑξῆς.
947 955 1045 1017 ἔπειτα
1068 954 1103 1018 δὲ
1126 959 1215 1036 βλασ-

197 1062 332 1133 φημοῦσι
359 1052 413 1133 μίν
440 1054 484 1127 είς
510 1053 566 1134 τὴν
592 1054 744 1135 παναγίαν
770 1054 916 1117 θεοτόκον
943 1051 1066 1134 ἀμετρα,
1099 1053 1156 1116 ἐὰν
1186 1053 1215 1115 δὲ

197 1155 347 1234 βιασθῦσι
373 1148 444 1232 παρ’
471 1149 558 1232 ἡμῶν
584 1150 765 1233 ὁμολογῆσαι
797 1151 905 1230 αύτήν,
935 1149 1140 1232 ἀλληγορωιῶς
1173 1151 1215 1213 λε’-

158 1274 184 1314 ιο
197 1269 314 1332 γουσιν·
342 1251 469 1312 πιστεύω
491 1250 534 1324 είς
555 1247 611 1328 τὴν
634 1250 785 1330 παναγίαν
807 1251 967 1326 δεοτόιιον,
995 1248 1028 1310 ἕν
1050 1236 1071 1335 ᾗ
1094 1250 1215 1330 εἰσῆλθε

197 1349 248 1411 καί
269 1349 395 1428 ἐξῆλθεν
418 1348 434 1410 δ
457 1349 575 1429 κύριος,
597 1346 715 1428 λέγουσι
738 1345 847 1426 δὲτὴν
870 1345 933 1409 ἀνω
953 1340 1163 1428 Ἰερουσαλήμ,
1185 1347 1215 1409 ἕν
1286 1367 1287 1376 ’

198 1436 218 1533 ᾗ
245 1448 414 1529 πρόδρομος
439 1443 514 1526 ύπὲρ
541 1443 627 1525 ἡμῶν
659 1445 778 1523 εἰσῆλθε
805 1445 947 1526 Χριστός,
984 1445 1089 1517 καθώς
1122 1464 1215 1524 φησιν

92 1595 96 1605 ,
199 1544 215 1606 δ
242 1543 419 1621 ἀπόστολος,
455 1541 506 1603 καὶ
537 1542 575 1604 ού
606 1541 725 1624 λέγουσι
755 1540 829 1603 κατὰ
860 1541 1009 1621 ἀλήθειαν
1039 1541 1097 1620 τὴν
1128 1541 1215 1624 ἁγίαν

199 1643 325 1721 Μαρίαν
360 1639 416 1720 την
452 1640 597 1702 θεοτόιιον
633 1638 704 1701 οὐδὲ
741 1639 771 1713 ἐξ
803 1640 896 1720 αὐτῆς
934 1647 1133 1722 σαριιωθῆναι
1166 1641 1214 1703 τὸν

159 1759 185 1801 ιτ
199 1739 313 1821 κύριον.
349 1740 560 1819 βλασφημοῦσι
578 1735 610 1799 δὲ
627 1738 678 1799 καί
691 1739 734 1813 είς
751 1737 787 1799 τά
802 1743 873 1799 θεῖα
892 1739 1039 1820 μυστήρια
1056 1748 1111 1818 τῆς
1129 1738 1214 1820 ἁγίας
1288 1725 1289 1728 ¹

199 1836 358 1908 ιιοινωνίας
374 1845 428 1898 τοῦ
446 1837 546 1913 τιμίου
565 1837 699 1915 σώματος
721 1835 772 1897 καὶ
790 1836 913 1915 αἵματος
931 1845 985 1898 τοῦ
1004 1838 1113 1918 κυρίου
1132 1835 1216 1916 ἡμῶν

197 1930 294 2016 Ἰησοῦ
322 1937 452 2016 Χριστοῦ
482 1931 627 2014 λέγοντες,
661 1934 706 1996 ὅτι
736 1933 771 1994 τὰ
800 1933 916 2014 ῥήματα
948 1933 1042 1996 αὐτοῦ
1071 1933 1086 1995 δ
1116 1936 1217 2016 κύριος
1289 1983 1290 2006 1

200 2032 304 2106 διδούς
321 2038 383 2105 τοῖς
400 2030 574 2106 ἀποστόλοις
591 2031 699 2112 ἔλεγεν
724 2032 833 2112 λάβετε,
855 2033 960 2113 φάγετε
979 2031 1030 2092 καὶ
1048 2034 1140 2112 πίετε,
1163 2033 1217 2094 οῦιι

200 2129 290 2213 ἀρτων
307 2129 357 2192 καί
376 2124 470 2210 οἶνον,
492 2128 543 2190 καί
561 2129 598 2191 ού
617 2129 683 2211 χρη,
706 2131 810 2210 φησίν,
832 2130 1037 2211 προσάγεσθαι
1054 2128 1147 2213 ἀρτον
1169 2130 1217 2191 καί

73 2253 115 2294 σου
122 2250 188 2292 τετυ
200 2223 293 2290 οίνον.
329 2230 540 2309 βλασφημοῦσι
558 2224 591 2288 δὲ
614 2227 665 2288 καὶ
682 2227 724 2301 είς
742 2228 794 2290 τὸν
811 2228 909 2306 τίμιον
927 2228 1057 2308 σταυρὸν
1075 2227 1216 2310 λέγοντες,

275 2425 307 2473 11
326 2418 410 2473 Hebr.
426 2423 451 2485 ο,
466 2422 508 2472 20.

275 2584 289 2630 1
310 2576 366 2650 ὅτε]
386 2577 448 2632 οῦτε
466 2577 524 2630 AR.
549 2608 583 2616 -
608 2583 623 2629 2
642 2577 714 2632 θεὸν
732 2592 782 2631 om.
802 2575 889 2660 3.sz
914 2608 947 2616 -
971 2576 1002 2630 δὲ
1021 2576 1140 2632 καὶτὸν
1159 2577 1215 2631 RV.

203 2681 236 2689 —
257 2654 272 2702 5
290 2648 321 2701 τὸ
341 2648 375 2702 σύ
414 2651 549 2702 ολον-ἵ
569 2647 633 2715 ἑξῆς
649 2648 864 2714 πωλίομδενιιιε
877 2665 909 2702 ιιι
922 2646 955 2700 D.
971 2679 1004 2687 -
1026 2653 1041 2700 7
1060 2649 1111 2701 καί
1130 2648 1216 2716 ἀορά-

202 2741 258 2776 των
276 2718 363 2775 οτιι.0
422 2719 455 2772 V.
475 2751 508 2758 -—
530 2725 562 2772 17
582 2719 663 2790 ίησοῦ
679 2715 794 2797 γρὰστοῦ
813 2735 863 2774 om.
878 2718 935 2772 AB.

276 2892 326 2941 1.2
344 2886 394 2940 τὸν
409 2885 579 2954 ἐπουράνιον
592 2887 700 2955 πατέρα
713 2887 743 2940 Ρ.
759 2919 793 2928 -
812 2894 828 2941 2
843 2884 930 2958 μόνον
944 2905 994 2942 σοι.
1009 2886 1039 2940 P.
1055 2918 1090 2927 -
1104 2888 1156 2942 τὸν
1170 2889 1218 2942 καί

203 2957 295 3025 ποιήσ.
310 2957 340 3010 Ρ.
359 2989 393 2997 -
413 2963 429 3011 3
448 2958 498 3011 καί
513 2957 550 3011 τά
568 2958 598 3013 ἐν
615 2959 712 3020 αὐτοῖς
728 2957 822 3013 πάντα
841 2959 869 3012 P.
889 2990 923 2998 —
943 2964 960 3012 4
978 2959 1110 3013 ἀπαιτεῖν
1130 2960 1218 3021 εύδύς

203 3028 254 3084 τδν
271 3029 301 3082 P.
320 3037 424 3083 -τοῦ
443 3045 494 3084 σου.
512 3029 543 3082 Ρ.
563 3061 597 3068 -
617 3035 714 3083 7-10
733 3029 794 3085 ἐπεὶ
811 3030 843 3084 δὲ
862 3032 1091 3102 βλασφημοῦντες
1109 3031 1151 3094 είς
1166 3031 1218 3100 τὴν

204 3097 290 3170 ἁγίαν
307 3103 339 3154 δ.
358 3099 403 3169 άμ.
423 3101 449 3156 εί
466 3102 679 3172 καταβιασθῶσι
697 3097 767 3169 παρ’
783 3100 862 3170 ἡμῶν
880 3100 968 3170 αὐτὴν
988 3099 1063 3168 ὁμοί..
1080 3101 1169 3155 πάλιν
1186 3110 1218 3171 τῇ

203 3168 515 3297 ΞοεωοιρηργίηιΡγράμτρρι
521 3170 933 3297 ἕτισύτεβομειηλβπονρίνρνταρ,
951 3170 1095 3296 τιαὲῦηρεῖς
1112 3173 1155 3297 'ege
1168 3173 1219 3298 τὴσνι

204 3313 255 3381 τὴν
274 3263 402 3382 άνόινὶερ.
418 3315 447 3367 Ρ.
466 3345 502 3354 -
522 3263 671 3377 12κπάἁάίς
690 3263 992 3383 φηόάἀοάικὰοτὰόόὰλροιά.
1010 3314 1039 3367 Ρ.
1059 3263 1218 3384 -ῨαΙέοὰὴν

204 3401 257 3439 om.
276 3384 305 3437 P.
326 3415 359 3424 -
378 3384 445 3438 οῦδὲ
462 3387 605 3445 παντελῶς
623 3383 651 3448 ἐξ
669 3383 699 3438 P.
719 3415 752 3424 -
773 3390 885 3439 15-17
906 3387 939 3440 ού
958 3385 1013 3455 μὴν
1031 3385 1062 3440 δὲ
1081 3385 1153 3439 au&
1170 3386 1219 3439 καὶ

206 3455 247 3517 είς
268 3454 304 3508 τά
324 3458 394 3509 θεῖα
415 3470 492 3521 μυστ.
514 3455 726 3522 δυσφημοῦντες
748 3453 858 3524 λέγουσι
881 3453 922 3510 ότι
945 3455 980 3510 τὰ
1001 3451 1111 3525 (ἀήματα
1129 3456 1160 3509 Ρ.
1185 3489 1218 3496 -

208 3530 241 3576 19
257 3521 373 3578 ἁδινοῦ
388 3523 441 3594 χρή
454 3540 542 3592 φησιν
556 3523 642 3589 ἄρτον
656 3525 705 3577 καί
718 3519 797 3579 οίνον
811 3526 927 3594 προσάγ.
943 3527 973 3582 Ρ,
988 3557 1022 3566 -
1037 3531 1142 3595 ἓθ-γ.
1158 3532 1218 3594 723,

209 3599 242 3646 10
260 3596 300 3649 sic
317 3597 349 3647 ι’τι
366 3594 401 3646 P:
425 3591 473 3646 καί
492 3594 590 3660 γετὸν
608 3591 701 3648 τίιιιον
720 3597 840 3663 σταυρὸν
859 3599 1029 3659 ἀθετοῦντες
1045 3595 1158 3667 λέγουσι
1176 3596 1219 3656 ὅτι
