2617 3909
178 240 243 305 588
493 242 680 293 Γειεεοιοτ
697 241 880 292 ποσιτιον

178 383 217 451 δι’
239 382 276 451 ού
299 390 334 450 αί
352 390 468 472 τρύσεις
490 389 650 470 ἐτύγχανον
673 387 889 470 πεφραγμένοι,
911 389 1049 450 διελύετο.
1090 400 1143 469 της
1162 388 1197 450 δὲ

177 488 282 569 ύδρίας
305 488 434 569 ίδράσης
455 485 505 548 καί
528 487 560 548 τὸ
579 488 660 567 ύδωρ
684 485 734 548 διὰ
751 496 811 547 τῶν
828 487 959 568 τρύσεοιν
981 486 1197 568 ἐκβαλλούσης,

178 584 335 666 ἐσβέννυτο
358 585 390 647 τὸ
409 594 481 667 πῦρ,
504 586 582 647 οὕτω
604 608 634 645 τε
656 594 692 669 τῇ
711 586 880 669 πανουργίιμ
900 594 953 647 τοῦ
973 583 1072 666 ἱερέως
1092 584 1110 647 δ
1128 587 1195 646 Κά-

178 706 278 757 νωπος
296 693 355 745 τῶν
369 684 530 745 Χαλδαίων
548 681 673 761 νικητδς
690 681 849 763 ἀνεδείχθη
866 683 918 744 καί
935 682 994 745 άπὸ
1012 683 1073 745 τότε
1088 685 1196 746 λοιπδν

152 781 219 856 εὼς
237 782 308 855 θεὸς
326 783 446 843 πάντων
464 780 587 859 νικητης
607 779 622 842 δ
641 780 791 854 Κάναπος
809 780 933 861 ἐτιμᾶτο,
969 790 1028 842 νύν
1049 780 1081 843 δέ
1099 804 1194 864 παρα-

177 877 338 961 γενομένου
360 881 509 956 Θεοφίλου
531 888 584 939 τοῦ
608 876 762 960 άρχιερέως
784 888 838 941 τοῦ
860 885 936 941 θεοῦ
959 876 1031 941 ούδέ
1052 873 1096 952 είς
1113 877 1194 959 ὠφέ-

178 982 265 1057 λησεν
284 978 384 1059 ἱδρώς,
403 974 473 1039 ούδέ
486 978 655 1058 πανουργία
671 1000 715 1050 τις
728 975 788 1039 ἀπὸ
805 986 901 1058 κηρού
919 983 1195 1039 κατασκευασθεῖσα

177 1075 351 1156 συνεβάλετό
374 1099 402 1137 τι
425 1075 540 1155 αύτοῐς,
564 1074 638 1136 ἀλλὰ
660 1074 757 1135 πάντα
779 1074 815 1135 τδι
836 1074 935 1137 αύτῶν
958 1073 1120 1156 έπορθήθη
1143 1074 1195 1137 καὶ

177 1173 219 1247 είς
241 1173 353 1253 ἔδαφος
375 1172 553 1254 κατηνέχθη.
595 1173 642 1234 ὅτε
665 1170 698 1234 δέ
720 1181 812 1233 ταῦτα
833 1173 911 1235 οδτω
933 1178 1114 1254 γεγενῆσθαι
1135 1172 1194 1234 άπ-

137 1295 163 1334 ιο
177 1270 310 1353 ηγγέλθη
328 1278 368 1356 τῷ
379 1270 573 1355 εὐσεβεστάτην
591 1273 715 1352 βασιλεῖ,
733 1270 778 1331 ὅτι
795 1269 831 1331 τδι
843 1270 951 1332 εἰδωλα
968 1280 1021 1350 της
1035 1271 1194 1352 Αἰγύπτου

76 1386 116 1425 48⁶
130 1384 161 1423 M·
176 1370 338 1455 καθῃρέθη
356 1369 406 1431 καὶ
425 1369 576 1449 ἐκκλησίαι
593 1362 658 1429 ἀντ’
675 1368 774 1429 αύτῶν
793 1361 1044 1451 ιβκοδομιήθησαν,
1063 1368 1195 1442 ἐκτείνας

176 1468 227 1542 τὰς
249 1474 347 1549 χεῖρας
369 1468 462 1530 αύτοῦ
489 1468 532 1541 εἰς
553 1466 605 1529 τὸν
627 1465 758 1547 ούρανδν
786 1465 856 1544 μετὰ
884 1466 1011 1547 μεγάλης
1034 1476 1125 1547 χαρᾶς
1146 1466 1194 1529 λε’-

177 1589 256 1646 γεται
273 1559 434 1645 εἰρηκέναι·
454 1565 611 1646 εύχαριστῶ
626 1581 684 1643 σοι,
702 1562 829 1625 δέσποτα
842 1562 959 1646 Χριστέ,
978 1561 994 1624 ὁ
1009 1564 1081 1638 θεὸς
1094 1562 1194 1644 ἡμῶν,

177 1663 221 1723 δτι
243 1662 331 1743 χωρὶς
353 1662 500 1735 ἀπωλείας
522 1672 574 1741 τῆς
592 1661 704 1735 πόλεως
722 1660 836 1741 ἐκείνης
858 1671 911 1741 τῆς
929 1662 1056 1743 μεγάλης
1074 1660 1094 1741 ἡ
1114 1664 1193 1726 ούτω

137 1782 162 1823 τε
177 1759 287 1821 παλαιά
308 1758 492 1839 κατεσβέσθη
515 1760 621 1837 πλάνη.

240 1852 292 1919 Ἐν
320 1856 352 1920 δέ
379 1863 419 1942 τῷ
443 1856 550 1936 μεταξύ
576 1857 822 1930 Ούαλεντινιανδς
849 1858 881 1920 ἐν
908 1863 970 1930 τοῖς
997 1867 1050 1937 τῆς
1079 1858 1194 1933 δύσεως

178 1954 276 2039 μέρεσι
298 1965 333 2041 τῇ
357 1965 441 2041 ψυχῇ
471 1955 623 2039 πρδςιτὴν
645 1952 765 2034 ἡλικίαν
786 1954 1007 2040 θερμαινομένη
1030 1955 1086 2034 τὴν
1107 1961 1193 2017 πολι-

176 2057 256 2116 τείαν
275 2056 397 2117 διοικῶν
415 2053 511 2138 βρόχῳ
529 2053 714 2136 χρησάμενος
731 2052 763 2114 τὸ
777 2052 858 2127 τέλος
876 2052 1026 2136 ἐπλήρωσε
1044 2062 1097 2114 τού
1111 2054 1194 2134 βίου,
1295 2087 1300 2096 ·

176 2146 216 2213 δι’
238 2150 277 2232 ἣν
300 2153 397 2215 αἰτίαν
421 2150 503 2235 μέχρι
522 2160 576 2213 τού
594 2151 741 2234 παρόντος
763 2151 820 2213 ούκ
838 2152 930 2231 ἴσμεν.
967 2149 1045 2225 τινὲς
1063 2149 1192 2235 μὲνγὰρ

135 2274 162 2315 ιο
176 2251 274 2333 ἔλεγον
288 2251 431 2335 ἐπιβουλῇ
447 2260 500 2312 τού
514 2259 678 2332 στρατηγοῦ
691 2244 889 2330 Ἀρβογάστου
901 2255 1081 2330 γεγενῆσθαι
1094 2259 1192 2328 τοῦτο,

175 2348 224 2410 καὶ
247 2349 369 2428 τοιαύτη
391 2348 472 2430 παρὰ
493 2359 585 2411 πᾶσιν
607 2349 719 2430 ἐκράτει
741 2346 903 2426 ὑπόληψις,
925 2344 1008 2407 άλλοι
1031 2344 1063 2408 δέ
1085 2345 1192 2408 ἀθῶον

176 2445 230 2526 μὲν
257 2441 334 2507 εἶναι
361 2447 413 2509 τὸν
441 2446 602 2528 στρατηγὸν
634 2445 693 2507 άπδ
722 2446 828 2507 τούτου
860 2453 914 2505 τοῦ
940 2444 1054 2523 μύσους
1081 2444 1192 2525 ἔλεγον,

176 2544 275 2604 αἰτίαν
298 2541 330 2604 δέ
353 2543 444 2605 αύτδν
467 2542 680 2626 παρεσχηκέναι
703 2552 755 2605 τού
775 2542 828 2603 τὸν
845 2542 1002 2603 νεανίσκον
1024 2540 1191 2622 ἀγανακτή-

175 2660 268 2701 σαντα
286 2640 328 2714 είς
346 2648 431 2701 τοῦτο
450 2636 650 2721 προαχθῆναι,
674 2640 802 2723 ἐπείπερ,
821 2642 924 2720 φασίν,
945 2641 982 2701 ού
1002 2647 1191 2722 συνεχωρεῖτο

135 2762 161 2803 ιτ
175 2733 245 2820 παρ’
267 2737 359 2799 αὐτού
386 2735 426 2811 ὡς
453 2738 592 2818 νεώτερος
618 2736 637 2818 ἢ
658 2738 779 2817 μηδέπω
807 2736 941 2820 βεβηκὼς
968 2733 1032 2799 κατ’
1053 2737 1190 2812 ἐξουσίαν

249 2953 336 3001 ο-ιτ
355 2944 552 3014 Rufin.11‚30.
572 2976 605 2984 -
626 2950 732 3015 16-p.
748 2950 808 3013 τεο,
825 2953 838 2998 1
858 2945 948 3000 Rufin.
963 2945 998 3012 Π,
1013 2951 1054 2999 31.

246 3102 261 3179 λ
282 3125 451 3197 ἐμβαλούσης
474 3122 562 3178 GDR.
588 3156 622 3163 -
647 3129 664 3177 4
688 3122 807 3179 άτιοτύτε
827 3123 882 3177 AL.
906 3156 941 3163 -
967 3129 984 3177 8
1009 3123 1190 3195 συνεβάλλετο

175 3196 260 3250 ABR.
285 3229 319 3237 -
343 3194 453 3266 έπύρθη
472 3196 527 3250 AF.
549 3227 582 3236 —
608 3200 640 3248 11
662 3191 1091 3265 ἐκκλησίαι-οἰκοδομήθησαν
1110 3193 1191 3247 CER

175 3265 367 3338 ἐκκλησίαν-
379 3265 609 3337 οἱκοδομηθήσαν
626 3266 659 3319 Α.
680 3298 713 3306 -
732 3267 781 3320 καί
799 3262 923 3329 ἐκτείνας
937 3265 991 3320 OF.
1013 3297 1046 3306 —
1067 3271 1101 3320 12
1120 3265 1191 3334 μετὰ

176 3359 233 3462 μοχ.
248 3359 309 3409 χαρ.
321 3340 392 3462 χχιχρ.
403 3358 460 3408 μεγ.
470 3339 504 3429 β)
518 3336 626 3463 λέγχτοχι
641 3336 783 3427 εἰρημέναι
797 3337 845 3390 ΑΒ
855 3336 919 3462 Βιῐιβ.
939 3332 999 3420 εἰπε
1013 3336 1082 3406 μετὰ
1096 3356 1189 3463 μεχχπχὸ

174 3411 606 3548 λι
622 3410 1189 3604 κιρ

175 3553 260 3606 misso
275 3550 379 3605 scelere
393 3550 476 3619 Rufi).
491 3582 526 3591 -
545 3557 579 3605 23
598 3558 647 3604 τοῦ
663 3551 724 3622 τὸν]
740 3550 841 3605 τουτδν
854 3551 879 3603 Α
897 3558 996 3605 τοῦτον
1011 3549 1059 3604 ΟΕ
1088 3549 1189 3604 RExc.

175 3655 210 3663 —
230 3627 264 3675 24
282 3624 498 3692 προσταχθῆναι
516 3620 538 3673 Β
562 3625 729 3692 πραχθῆναι
746 3622 807 3675 ER.
