2617 3909
162 232 230 297 580
473 193 859 286 εταέτιοεαοαετοτ

162 378 183 461 ἡ
202 381 285 463 ψυχή
309 404 377 462 μου,
401 380 490 461 ζῆσόν
509 405 543 460 με
566 380 639 442 κατά
658 382 710 444 τόν
728 382 817 463 λόγον
835 400 901 461 σου,
923 382 1016 463 κύριε,
1039 380 1091 443 καλ
1112 386 1178 456 ταῖς

162 479 241 561 χερσί
263 481 368 542 τίλλων
391 479 442 554 τδις
464 480 562 561 τρίχας
584 488 638 560 τῆς
661 485 793 560 κεφαλῆς
815 479 865 541 καί
886 489 940 542 τοῦ
960 480 1104 561 πώγωνος
1126 478 1179 541 καλ

162 579 195 642 τὸ
218 576 353 657 μέτωπον
376 578 494 639 τύπτων
516 577 566 640 καί
589 578 714 658 δάκρυσι
737 578 793 657 την
815 588 873 660 γῆν
895 577 1017 659 βρέχων,
1043 577 1083 651 ὥς
1105 579 1178 653 τούς

162 676 294 759 δρῶντας
312 676 442 757 μεγάλως
463 672 660 756 ὠφεληθῆναι
678 675 726 737 καλ
747 682 931 755 συμπενθεῖν
949 676 1032 760 αύτῷ
1069 676 1120 737 καί
1138 677 1177 739 ού

137 794 148 834 σ
164 773 291 837 διέλιπεν
310 773 387 836 ούτω
406 774 554 835 δυσωπῶν
570 773 711 837 τὸνθεόν
729 772 828 856 μέχρις
846 775 925 856 ώρας
942 784 995 854 τῆς
1008 777 1176 849 κοινωνίας.

162 871 212 933 καλ
230 872 292 934 τότε
313 872 351 951 δὴ
370 869 498 944 ἀναστὰς
516 871 566 933 καλ
584 873 711 950 πλησίω
732 882 792 935 τῶν
809 874 968 953 κιγκλίδων
986 871 1085 933 ἐλθὼν
1103 874 1177 952 βου-

162 970 285 1048 λόμενος
301 969 455 1049 εἰσελθεῖν,
474 969 619 1033 ἐκώλυσεν
638 969 730 1032 αύτὸν
743 966 916 1051 Ἀμβρόσιος
934 971 1069 1049 δηλώσας
1087 971 1177 1055 αύτῷ·

163 1068 238 1148 ἴσθι,
261 1069 393 1149 βασιλεύ,
415 1065 456 1141 ὥς
478 1067 581 1147 μόνοις
603 1074 666 1143 τοῖς
684 1069 811 1150 ίερεύσιν
833 1068 999 1150 ὑπάρχουσι
1021 1068 1058 1129 τὰ
1077 1069 1177 1148 ἔνδον,

163 1170 224 1239 τοῖς
243 1159 271 1227 δ’
292 1164 390 1241 ἀλλοις
413 1166 523 1228 ἅπασιν
546 1164 640 1228 ἀδυνά
662 1189 691 1229 τε
719 1166 769 1228 καλ
786 1164 934 1245 ἀψαυστα.
971 1166 1049 1240 ἔξιθι
1071 1168 1176 1228 τοίνυν

122 1284 148 1324 10
162 1262 212 1325 καὶ
230 1270 290 1338 τοῖς
306 1262 405 1339 ἀλλοις
422 1265 558 1327 κοινώνει
576 1275 628 1346 τῆς
642 1265 778 1338 στάσεως.
809 1262 948 1346 ἁλουργὶς
965 1263 1021 1347 γὰρ
1039 1264 1178 1345 βασιλέας
1204 1278 1208 1284 ’

162 1361 217 1443 ούχ
240 1361 333 1443 ἱερέας
356 1368 453 1425 ποιεῖν
475 1363 591 1425 είωθεν.
633 1360 701 1425 δδέ
724 1362 882 1425 καὶτοῦτο
906 1363 1063 1441 δεξάμενος
1085 1361 1176 1442 ἀσμέ-

158 1484 222 1534 νως
244 1460 457 1539 ἀντεδήλωσεν·
486 1460 542 1523 ούκ
565 1461 713 1546 αὐθαδείᾳ
736 1463 884 1542 χρώμενος
909 1470 996 1522 τοῦτο
1018 1463 1177 1541 πεποίηκα,

162 1552 226 1619 ἀλλ’
248 1558 280 1620 έν
303 1558 616 1620 Κωνσταντινουπόλει
644 1558 676 1620 τὸ
700 1559 772 1632 ἔθος
794 1553 871 1620 εἶναι
898 1568 984 1621 τούτο
1008 1559 1177 1638 μεμάθηκα.

163 1654 304 1737 χάρινδὲ
327 1654 436 1734 ὀφείλω
459 1655 510 1718 καλ
532 1658 619 1735 τῆσδε
637 1666 690 1737 τῆς
709 1657 842 1738 λατρείας.
883 1657 1011 1741 τοσαύτη
1029 1666 1104 1737 γοῦν
1126 1657 1178 1718 καῖ

124 1772 149 1813 15
164 1754 324 1838 τηλικαύτη
351 1752 513 1834 διέλαμπον
541 1754 626 1839 ἀρετῇ
652 1755 669 1816 ὅ
691 1778 720 1817 τε
742 1755 892 1836 ἀρχιερεύς
918 1754 969 1815 καλ
992 1754 1008 1816 ὁ
1031 1756 1178 1835 βασιλεύς.

164 1850 337 1913 ἐπανελθών
360 1850 392 1914 δὲ
411 1850 427 1913 ὁ
446 1853 583 1932 βασιλεὺς
605 1852 638 1914 έν
656 1852 979 1933 Κωνσταντινουπόλει,
1002 1852 1052 1914 καὶ
1074 1852 1178 1936 ἕορτῆς

163 1948 338 2031 γενομένης,
366 1949 416 2012 καί
443 1951 485 2025 είς
508 1950 540 2013 τὸ
563 1952 779 2034 θυσιαστήριον
802 1951 843 2030 μὴ
865 1951 1051 2025 εἰσελθόντος
1073 1951 1178 2029 αὐτοῦ,

65 2068 104 2107 ετο
118 2067 149 2108 ω.
163 2047 213 2109 καί
245 2050 412 2131 Νεκταρίου
444 2059 497 2111 τού
528 2050 708 2131 πατριάρχου
745 2049 945 2128 δεδηλωκότος
981 2055 1091 2129 μαθεῖν
1121 2051 1179 2129 τὴν

163 2147 272 2228 αἰτίαν,
291 2148 385 2230 μόγις,
404 2148 474 2229 ἔφη,
493 2148 634 2228 βασιλέως
652 2148 703 2209 καὶ
722 2146 821 2229 ἱερέως
837 2146 986 2228 διαφορὰν
1003 2146 1177 2227 ἐδιδάχθην.

123 2240 337 2328 εοἈμβρόσιον
360 2246 416 2327 γδιρ
434 2242 502 2309 οῖδα
526 2246 618 2325 μόνον
641 2246 805 2308 ἐπίσκοπον
828 2243 916 2319 ἀξίως
939 2246 1131 2324 καλούμενον.

232 2345 408 2426 Παράνομοι
427 2343 459 2406 δέ
477 2367 553 2417 τινες
570 2342 676 2425 ἀνδρες
695 2343 726 2405 έν
742 2339 900 2427 Ἀντιοχείᾳ
918 2342 988 2416 τοὺς
1006 2342 1180 2423 βασιλικούς

162 2440 341 2523 ἀνδριάντας
360 2443 631 2524 καταστρεψάμενοι
649 2443 691 2517 είς
708 2442 837 2523 μεγάλην
855 2438 950 2522 ἀρχὴν
966 2440 1107 2520 ἐκίνησαν
1125 2441 1179 2502 τόν

163 2537 293 2618 βασιλέα,
316 2537 366 2599 καλ
384 2538 541 2618 θυμωθεὶς
559 2538 725 2601 ἀπέστειλεν
743 2538 885 2620 ἀρχοντας
905 2539 980 2619 πρὸς
998 2539 1030 2601 τὸ
1049 2539 1180 2619 τιμωρή-

236 2733 268 2780 21
276 2745 340 2797 -ρ,
357 2732 417 2793 581,
432 2732 448 2781 3
467 2727 632 2783 Τλτεοδοεελ.
647 2728 720 2784 Hist.
736 2728 801 2783 eccl.
816 2727 851 2796 V,
866 2734 918 2781 202

235 2893 252 2939 4
267 2888 451 2957 ὠφεληθῆναι
461 2887 537 2940 ΑΒΡ
556 2889 728 2956 ὠφελεῖσθαι
742 2888 801 2942 rell.
813 2920 846 2928 -
862 2894 878 2941 5
893 2887 1031 2943 διέλειπεν
1043 2887 1089 2941 ΑΟ
1096 2887 1130 2941 N.
1143 2920 1179 2929 -

162 2956 259 3014 δτότε
283 2958 436 3023 διαναστάς
453 2958 539 3012 ERV.
565 2991 598 3000 -
623 2963 656 3012 10
680 2958 810 3031 βασιλέας
829 2958 957 3013 EFNPR
966 2959 1071 3013 Τλτοοδ.
1098 2961 1180 3031 βασι-

159 3029 230 3094 λέως
243 3030 317 3084 ABV
336 3030 476 3102 βασιλεικὴ
496 3029 523 3084 (λ.
545 3063 578 3071 -
598 3036 632 3084 20
650 3028 736 3096 ἀξίως
755 3027 908 3085 ἐπίσκοπον
926 3031 956 3083 Μ
978 3027 1063 3095 ἀξίως
1080 3046 1131 3085 om.
1148 3030 1178 3085 O.

236 3196 251 3243 2
271 3190 425 3245 ἀποτίλλων
439 3190 575 3246 PTheod.
592 3222 625 3231 -
644 3197 715 3245 4-5
735 3192 784 3245 καί
800 3194 997 3260 συμπενθῆσαι
1015 3191 1180 3259 συγγνώμης

164 3270 258 3331 τυχεῖν
272 3262 411 3333 ἠντιβόλει
429 3264 477 3317 καλ
491 3263 585 3335 μέχρις
599 3261 673 3331 ώρας
686 3263 716 3316 P.
745 3264 855 3318 Similia
869 3262 974 3318 Theod.
989 3294 1024 3303 -
1044 3267 1059 3313 λ
1075 3261 1178 3316 είσελθ.

161 3334 246 3402 δηλοῖ
263 3333 350 3387 αὐτὸν
369 3332 384 3387 δ
403 3333 555 3404 ἀμβρόσιος
573 3332 659 3405 λέγων
677 3335 707 3388 Ρ.
724 3366 757 3374 -
776 3340 793 3388 8
812 3334 849 3395 ὡς
867 3330 964 3402 μόνοις
982 3334 1056 3389 ἐστίν
1076 3332 1179 3400 ίερεύσι

164 3402 199 3456 τδι
218 3402 301 3457 ένδον
319 3403 455 3458 PTheod.
475 3407 534 3475 (qui
552 3406 616 3461 add.
636 3405 727 3477 βατά).
752 3438 786 3446 -
812 3410 844 3457 10
863 3403 995 3473 ἁλουργὶς
1015 3405 1065 3474 μέν
1083 3403 1136 3473 γάρ
1155 3404 1180 3456 Ρ

164 3475 252 3529 invito
268 3473 371 3529 Theod.
391 3507 426 3515 —
446 3481 477 3529 17
498 3477 585 3531 αὐτού
603 3494 654 3532 ουτ.
670 3477 699 3531 Ρ,
720 3508 753 3517 -
775 3482 807 3530 18
825 3484 875 3531 τού
895 3476 1079 3547 πατριάρχου]
1099 3475 1181 3545 ἀρχι-

163 3544 319 3600 επισκόπου
332 3546 362 3599 P.
378 3576 411 3587 —-
431 3552 463 3599 21
479 3549 527 3601 καί
541 3547 703 3617 παράνομοι
716 3546 750 3603 δέ
762 3548 792 3601 P.
809 3580 845 3587 —
864 3554 897 3601 22
911 3557 1079 3615 καταστρεψ.
1094 3546 1181 3615 μεγά-

158 3618 218 3679 λως
230 3618 377 3686 θυμωθείς
391 3616 406 3671 ό
421 3619 549 3688 βασιλεύς
562 3618 623 3689 ἀρχ.
638 3619 733 3675 ἀπέστ.
749 3626 901 3688 τιμωρῆσαι
915 3618 966 3687 τὴν
980 3618 1069 3673 πόλιν.
1094 3612 1133 3671 ών
1147 3618 1171 3671 Ρ
