2617 3909
525 279 715 331 XPONIKON
1065 278 1131 342 415

111 426 225 506 ἥξομεν
248 425 365 498 πάντως
388 424 436 486 ἐπὶ
458 425 513 506 τήν
535 427 732 506 κατασκαφὴν
755 428 875 507 ταύτην,
899 426 939 500 ὡς
961 425 1012 487 καλ
1031 422 1132 506 Ἰώση-

109 545 171 597 πος
199 514 291 597 αὖθις
318 529 462 605 μαρτυρεῖ
485 522 588 606 λέγων·
622 524 677 604 τήν
704 522 736 585 δέ
763 534 816 604 τῆς
842 526 955 598 πόλεως
982 523 1131 606 ἐρήμωσιν

112 620 165 682 καὶ
187 630 240 683 τοῦ
263 626 341 683 ναοῦ
365 620 476 701 συνέβη
498 620 638 703 γενέσθαι
660 622 735 683 κατὰ
757 622 813 701 τήν
834 623 988 702 Δανιήλου
1011 644 1132 705 προφη-

113 721 195 781 τείαν
218 719 275 802 πρὸ
298 721 492 801 τετρακοσίων
514 719 565 781 καί
584 718 660 782 ὀκτὼ
678 719 841 803 γενομένην
859 720 940 783 ἐτῶν.
976 719 1026 781 διδι
1044 722 1130 783 τοῦτό

113 833 223 896 φησιν·
256 816 526 897 οἰκοδομηθήσεται
558 823 680 880 πλατεῖα
710 817 760 879 καί
791 820 957 901 περίτειχος.
1011 817 1131 880 έπειδδιν
1158 841 1173 881 ε

113 908 173 977 οὖν
196 913 308 999 ἀναστῇ
332 914 383 976 καλ
404 916 437 978 τὸ
461 916 570 977 οἰκεῖον
588 914 725 1001 ἀπολάβη
744 926 851 997 σχῆμα,
873 912 925 977 ἀπ’
946 916 1061 978 ἐκείνου
1079 916 1131 990 τδις

112 1010 146 1075 0'
169 1012 337 1094 ἑβδομάδας
359 1012 490 1096 άρίθμει,
512 1012 563 1075 καί
582 1012 651 1090 ὄψει
669 1015 725 1094 τήν
742 1015 942 1096 αίγμαλωσίαν
959 1014 1014 1094 τήν
1032 1013 1131 1076 ούιιέτι

112 1109 197 1185 τέλος
220 1111 352 1191 ἔχουσαν.
399 1112 470 1194 ὅπερ
494 1113 594 1191 δηλῶν
621 1111 816 1194 σαφέστερον,
844 1113 889 1174 ὅτι
911 1112 965 1193 ούχ
987 1111 1043 1186 ἕξει
1065 1112 1131 1174 τινὰ

112 1210 201 1271 λύσιν
223 1208 258 1269 τὰ
280 1208 437 1289 κατέχοντα
460 1208 570 1284 αύτούς
592 1211 679 1290 κακά,
702 1211 779 1272 ούτω
803 1211 911 1290 φησίν·
935 1210 1006 1289 μετὰ
1028 1208 1131 1285 δὲτὰς

113 1304 146 1369 θ’
170 1306 337 1387 ἑβδομάδας
360 1306 644 1389 έξολοθρευθήσεται
667 1308 774 1390 χρίσμα
794 1307 846 1369 καί
867 1308 958 1389 κρίμα
979 1308 1034 1369 ούκ
1052 1308 1132 1369 ἔσται
1146 1330 1173 1369 1ο

112 1405 149 1467 έν
177 1404 266 1487 αὐτῇ,
293 1403 343 1465 καί
370 1404 425 1483 τήν
454 1405 541 1466 πόλιν
569 1404 620 1466 καί
645 1405 678 1466 τὸ
706 1406 793 1487 δι’γιον
820 1406 983 1487 διαφθερεῖ
1008 1403 1065 1466 σύν
1091 1412 1132 1490 τῷ

114 1499 272 1586 ήγουμένρι
303 1509 342 1586 τῷ
371 1501 531 1589 ἐρχομένω,
564 1502 614 1564 καί
646 1504 884 1585 συγκοπήσονται
917 1501 957 1578 ὡς
984 1502 1017 1565 έν
1043 1491 1156 1564 κατα)

113 1605 237 1684 κλυσμῷ
256 1599 306 1661 καί
328 1599 383 1673 ἕως
405 1600 506 1674 τέλους
528 1600 659 1681 πολέμου
682 1600 918 1682 συιπετμημένου
941 1600 1131 1681 ἀφανισμοῖς.

112 1696 166 1759 καί
189 1697 278 1759 πάλιν
300 1699 356 1778 τήν
378 1698 578 1779 αἰχμαλωσίαν
600 1700 711 1779 ταύτην
729 1698 821 1782 λέγων
839 1700 946 1778 φησίν·
969 1699 1133 1781 ἀρθήσεται

113 1796 211 1857 θυσία
233 1794 284 1856 καὶ
306 1797 437 1877 σπονδή,
464 1796 514 1858 καί
541 1796 589 1858 ἐπὶ
611 1798 643 1860 τδ
668 1798 748 1880 ἱερὸν
770 1796 920 1880 βδέλυγμα
942 1807 995 1877 τῆς
1018 1796 1133 1878 έρημύ-
1146 1818 1173 1859 ιτ

113 1911 199 1973 σεως,
223 1891 372 1955 συντέλεια
395 1895 555 1974 δοθήσεται
578 1894 625 1957 έπλ
648 1896 703 1975 τήν
725 1895 882 1978 ἐρήμωσιν.
927 1893 1078 1977 βδέλυγμα
1100 1894 1133 1957 δὲ

113 1988 191 2071 λέγει
214 1990 387 2073 ἐρημώσεως
409 1992 461 2055 τὸν
484 1992 655 2074 ἀνδριάντα,
679 1989 715 2053 δν
735 1992 854 2073 ἔστησεν
869 1989 1024 2075 Ἀδριανὸς
1042 1992 1058 2056 δ
1077 1995 1132 2073 βα-

113 2089 213 2162 σιλεύς
236 2088 269 2151 έν
290 2096 330 2174 τῷ
348 2097 422 2174 ναῷ,
451 2090 466 2154 ὁ
490 2089 540 2152 καί
563 2090 618 2169 τήν
640 2090 729 2152 πόλιν
750 2090 888 2153 καθελὼν
910 2089 1014 2173 άρδην.
1061 2090 1132 2169 μετδι

112 2187 171 2270 γὰρ
199 2187 255 2267 τήν
281 2185 329 2248 έπλ
354 2187 658 2249 Ούεσπασιανοῦκαλ
683 2188 770 2249 Τίτου
798 2187 961 2270 γενομένην
984 2187 1132 2271 ἐρήμωσιν

113 2284 165 2347 έπί
189 2280 346 2367 Ἀδριανοῦ
378 2287 534 2359 συστάντες
566 2287 598 2348 ολ
619 2281 760 2347 Ἰουδαῖοι
786 2285 967 2359 ἐσπούδαζον
994 2284 1043 2347 έπί
1075 2284 1131 2364 τήν
1144 2308 1174 2347 εο

112 2380 262 2465 προτέραν
283 2384 433 2445 πολιτείαν
455 2383 630 2445 ἐπανελθεῖν
654 2384 686 2445 οἱ
706 2383 824 2463 μάταιοι
841 2389 1058 2464 θεομαχούντες
1080 2383 1131 2445 καί

115 2480 159 2561 μή
189 2478 346 2555 ἀκούοντες
372 2489 425 2543 τού
453 2482 610 2563 προφήτου
637 2479 784 2563 λέγοντος·
813 2479 833 2543 δι
860 2480 877 2544 δ
904 2482 976 2555 θεὸς
1003 2481 1020 2545 ὁ
1047 2482 1131 2564 ἅγιος

115 2578 317 2660 βεβούλευται,
340 2580 383 2651 τίς
406 2579 589 2641 διασκεδάσει
611 2577 662 2640 καλ
683 2579 739 2658 τήν
761 2584 842 2662 χεῖρα
862 2580 954 2641 αύτοῦ
972 2579 1027 2658 τήν
1045 2578 1130 2659 δψη-

114 2677 174 2755 λήν
204 2677 248 2749 τίς
279 2674 471 2758 ἀποστρέψει;
502 2677 709 2751 στασιάσαντες
738 2669 794 2739 ούν
820 2677 910 2738 πάλιν
936 2676 1060 2752 έαυτούς
1087 2677 1130 2751 τίς

189 2844 204 2891 2
223 2838 280 2893 ίοε.
294 2839 377 2893 Asch.
392 2838 450 2905 XII,
465 2844 525 2893 322.
546 2870 580 2879 -
599 2845 615 2893 ο
634 2838 705 2893 Dan.
720 2844 745 2908 9,
760 2845 802 2894 25.
822 2872 856 2880 -
876 2845 891 2893 9
910 2839 980 2893 Dan.
997 2844 1022 2907 9,
1036 2845 1078 2894 26.
1095 2870 1129 2879 —

116 2916 151 2964 14
170 2909 239 2964 Dan.
255 2915 281 2978 ο,
295 2916 338 2963 ετ.
353 2942 387 2950 -
404 2915 628 2980 18—p.416,10
644 2910 739 2979 chrys.
755 2912 790 2966 ιο.
801 2911 835 2978 V,
846 2916 878 2964 11
893 2910 989 2980 migne
1003 2915 1056 2965 οοο
1068 2912 1129 2964 ιἰια.

109 2986 223 3051 praeter
239 2983 323 3037 verba
342 2986 374 3035 21
394 2980 422 3036 οἱ
440 2982 643 3050 μάταιοι-24
657 2981 835 3052 ἀποστρέψει.
851 3014 884 3023 -
904 2988 938 3034 22
957 2980 1012 3036 Jes.
1029 2987 1071 3049 14,
1087 2986 1129 3035 2⁷.

190 3112 204 3159 1
223 3103 330 3176 ήξωμεν
348 3104 484 3159 ABOFN.
503 3137 538 3147 -
557 3111 573 3158 2
591 3106 691 3177 λέγων]
711 3105 828 3174 φάσκων
845 3106 880 3159 N.
900 3137 934 3146 -
954 3110 970 3159 θ
989 3109 1058 3160 λαοῦ
1076 3105 1130 3159 Μ’

115 3184 143 3233 τί
159 3193 231 3231 rece.
245 3176 381 3231 nonnum.
402 3209 435 3217 —
454 3176 589 3245 δανιήλου
607 3196 694 3246 προφ.
708 3177 823 3232 ΕΙιίοε.
847 3196 933 3246 προφ.
954 3176 1089 3245 δανιήλου
1108 3176 1130 3229 Ρ

114 3247 218 3317 δανιήλ
236 3251 295 3318 (τοῦ
314 3250 339 3303 δ.
355 3248 401 3303 Ac
419 3255 445 3303 et
461 3264 531 3303 τεοο.
547 3248 674 3318 quidam)
692 3267 778 3318 προφ.
793 3248 852 3303 rell.
872 3280 907 3289 -
926 3254 942 3303 6
961 3248 1089 3318 ἀπολαύη
1109 3247 1130 3301 O

113 3318 257 3391 ἀπολάβοι
274 3318 309 3373 N.
328 3351 361 3360 —
383 3324 397 3372 ⁷
417 3320 535 3388 ἀριθμεῖ
552 3319 606 3373 OF.
618 3351 663 3363 ¹-
681 3325 697 3374 8
717 3321 750 3374 ού
768 3318 815 3389 έξη
829 3321 859 3374 Μ
878 3320 930 3375 ούιι
948 3319 1002 3385 ἔξει
1020 3320 1041 3372 F
1065 3320 1131 3374 οὐκ·

116 3389 213 3455 έξειΡ
237 3390 288 3445 ούκ
304 3390 360 3461 ἔχει
375 3391 408 3444 A.
424 3422 457 3431 -
478 3396 510 3444 13
529 3390 698 3461 τετμημένου
716 3391 739 3444 Β
776 3422 833 3445 .-
853 3396 886 3445 16
905 3388 1047 3445 συντελεία
1067 3389 1130 3443 ΑΜ,

116 3493 151 3502 -
172 3466 205 3515 19
225 3462 271 3517 ἐπί
290 3462 496 3517 ούεσπασιανυύ
510 3461 662 3517 EFLNPV
686 3462 732 3517 ἐπί
750 3479 800 3518 ονε.
815 3460 919 3516 ABCR
931 3461 1007 3516 Suid.
1027 3479 1051 3517 ο.
1066 3459 1133 3533 βδέ-

115 3536 207 3603 λυγμα
227 3533 386 3603 ἐρημώσεως
404 3532 466 3587 Chr.

190 3663 224 3710 22
243 3655 262 3711 ἃ
281 3656 334 3729 γὰρ
352 3657 438 3713 PJes.

172 3754 316 3807 Georgitu
330 3756 488 3799 Monachus
503 3757 537 3799 εδ
552 3757 580 3799 δε
594 3758 662 3798 Βοοτ.
684 3757 716 3797 IL
938 3748 971 3798 27
