2617 3909
522 222 712 273 XPONIKON
1056 219 1123 284 589

109 366 161 431 διδι
188 368 309 431 πάντων
335 367 390 448 τὴν
417 369 568 448 βασιλείαν
600 358 732 430 διοικεῖν.
781 370 939 442 Θεοδόσιος
970 366 1003 429 δέ
1034 366 1126 431 ούδέν-

107 458 198 546 ἧττον
229 464 379 544 ἀναφθείς
410 466 486 527 ύπλα
516 465 590 526 κατά
616 465 766 547 Ιάύγενίου
797 476 851 528 τοῦ
882 467 924 539 είς
953 466 1005 528 τὸν
1031 466 1123 528 τόπον

108 564 203 625 αύτοῦ
225 564 421 638 καταστάντος
442 564 485 635 είς
503 562 654 642 ἐκδίκησιν
673 563 787 645 ἥρπασε
807 563 863 643 τὴν
880 573 934 626 τοῦ
953 570 1028 626 θεοῦ
1046 565 1122 645 γνώ-

108 685 171 741 μην
193 660 243 722 διὰ
263 656 405 723 Ἰωάννου
429 671 560 741 μοναχοῦ
583 661 633 723 καλ
655 658 823 743 ἡσυχαστοῦ
840 662 1008 744 Αἰγυπτίου
1031 686 1122 742 μεμα-

107 759 221 837 θηκώς.
259 757 275 821 δ
298 759 354 842 γάρ
377 782 422 821 τοι
444 765 528 833 θεῖος
551 752 636 833 οὗτος
659 758 736 840 ἀνὴρ
759 758 1004 838 ἐνενηκονταέτης
1025 758 1122 822 πέλων
1149 781 1161 820 ε

107 856 163 935 τὴν
180 854 299 936 ἡλικίαν
322 856 354 918 ἐν
376 858 509 941 σπηλαίῳ
532 855 669 937 κατέμενε
692 858 783 937 μόνος
806 859 877 937 μήτε
900 858 989 932 αὐτὸς
1010 858 1122 939 ἐξερχό-

108 977 196 1033 μενος
222 964 276 1033 τῦς
297 953 400 1034 κέλλης
427 954 498 1035 μήτε
526 952 615 1017 ἀλλον
637 954 838 1035 εἰσδεχόμενος
860 956 957 1017 ἔνδον.
1003 956 1122 1038 ηύλόγει

107 1051 162 1135 γάρ
182 1052 275 1131 μόνον
294 1052 344 1113 διά
363 1054 490 1135 θυρίδος
507 1052 557 1113 καί
575 1051 718 1132 ἠσπάζετο
737 1053 806 1126 τοὺς
823 1053 898 1134 πρὸς
916 1053 1008 1115 αύτὸν
1025 1076 1121 1136 παρα-

106 1151 282 1231 βάλλοντας,
308 1150 359 1211 καί
386 1151 509 1225 τούτους
536 1150 573 1213 ού
601 1151 776 1230 διαπαντός,
803 1150 875 1212 ἀλλὰ
904 1152 1040 1233 δεύτερον
1061 1144 1121 1231 ’τῆς

107 1246 287 1328 ἑβδομάδος,
318 1248 455 1333 σαββάτῳ
483 1248 533 1309 καί
560 1257 699 1333 κυριακῇ·
731 1247 783 1321 τὰς
814 1247 846 1309 δέ
874 1247 978 1321 λοιπάς
1008 1246 1120 1329 ἡμέρας
1135 1271 1162 1311 ιο

107 1343 246 1429 ἀπρόϊτος
273 1344 385 1428 ύπῦγρχε
412 1344 501 1407 παντί
523 1343 676 1429 ἀνθρώπω
697 1348 845 1424 νηστείαις
869 1345 920 1407 καὶ
942 1345 1120 1428 ἀγρυπνίαις

106 1442 156 1504 καί
178 1449 353 1525 προσευχαῖς
375 1443 531 1524 σχολάζων.
574 1442 624 1504 καλ
647 1435 686 1522 ἦν
709 1443 784 1505 ἰδεῖν
805 1444 858 1506 τὸν
881 1444 1026 1526 μακάριον
1049 1443 1120 1505 όλον

106 1540 314 1623 ἐκτετηγμένον
341 1548 381 1626 τῷ
400 1541 512 1621 σώματι
534 1536 574 1603 δι’
598 1539 692 1623 ἀκραν
715 1542 946 1624 σκληραγωγίαν.
991 1539 1042 1601 καί
1064 1540 1119 1622 γάρ

104 1636 213 1719 ἤσθιεν
245 1636 333 1701 ούδέν
364 1637 461 1722 ἕτερον
494 1636 514 1718 ἢ
541 1639 652 1719 λάχανα
684 1638 734 1700 καλ
766 1637 866 1721 ὀλίγας
899 1638 1018 1721 ὀπώρας
1049 1638 1120 1718 μετὰ

105 1737 193 1799 δύσιν
215 1734 314 1817 ἡλίου·
338 1736 481 1820 περὶγὰρ
504 1734 595 1818 ἀρτου
618 1736 668 1799 καί
691 1738 777 1800 οἴνου
799 1737 849 1799 καλ
867 1738 967 1800 ἐλαίου
990 1736 1157 1799 καλεῦντο

105 1840 217 1897 λοιπῶν
245 1835 300 1897 ὅσα
328 1834 377 1896 διδι
404 1834 498 1918 πυρὸς
530 1834 586 1915 ἔχει
617 1834 673 1914 τὴν
699 1846 805 1918 χρῆσιν
837 1835 971 1917 περιττόν
1003 1827 1042 1915 ἦν
1069 1834 1119 1896 καλ

105 1931 207 2015 λέγειν.
243 1933 359 2007 τούτοις
380 1927 437 1993 καί
454 1938 515 2007 τοῖς
534 1933 679 2007 τοιούτοις
702 1934 798 2007 θείοις
819 1933 1031 2016 κατορθώμασι
1054 1934 1119 1993 δια-

104 2031 288 2113 νυκτερεύων
315 2029 365 2091 καί
388 2031 571 2111 διημερεύων
594 2028 611 2091 ό
634 2030 859 2111 όσιοςιέκδηλος
886 2040 978 2091 πᾶσιν
1005 2028 1116 2110 ἐγένετο
1131 2044 1170 2083 48⁷
1184 2042 1215 2081 M·

104 2127 154 2189 καί
172 2138 367 2210 προφητικῶν
385 2129 571 2210 χαρισμάτων
591 2128 732 2208 ἔμπλεως,
754 2129 968 2210 προσημαίνων
986 2122 1054 2189 ἐσθ’
1071 2127 1118 2188 ὅτε

103 2225 139 2287 τά
162 2224 303 2306 μέλλοντα
329 2224 380 2287 καί
404 2224 439 2287 τὰ
461 2227 598 2306 κρυφίως
620 2224 730 2310 ἑκάστω
758 2222 948 2306 πεπραγμένα
974 2223 1025 2285 καί
1052 2225 1117 2284 δια-
1131 2246 1158 2286 το

101 2324 260 2403 νοούμενα.
297 2322 347 2385 καλ
366 2322 465 2403 μέντοι
482 2322 533 2384 καλ
551 2322 687 2404 περὶτοῦ
704 2323 817 2384 Νείλου
835 2322 885 2383 καί
903 2331 957 2401 τῆς
974 2321 1118 2404 εύφορίας

102 2420 123 2502 ἢ
143 2419 271 2504 ἀφορίας
293 2430 346 2482 τοῦ
364 2421 473 2502 χρόνον
495 2419 515 2501 ἢ
534 2419 659 2499 ἀπειλὴν
677 2418 778 2502 ἐτέραν
800 2412 840 2482 αύ
858 2418 1032 2501 ἐπέρχεσθαι
1051 2418 1117 2499 μέλ-

103 2525 214 2581 λουσαν
237 2518 316 2600 παρὰ
339 2526 414 2581 θεοῦ
436 2520 618 2603 προηγόρευε
640 2517 691 2579 καί
713 2517 783 2591 τούς
801 2516 1022 2599 ἁμαρτάνοντας
1044 2540 1117 2600 παρ-

2 2670 3 2675 ,
102 2618 191 2701 ρησίηι
216 2616 374 2698 διήλεγχεν.
402 2615 453 2677 καί
479 2618 509 2677 τί
534 2618 583 2677 δεῖ
605 2614 699 2677 πολλὰ
723 2614 831 2697 λέγειν;
858 2614 1001 2677 ἀδυνατεῖ
1025 2615 1117 2696 στόμα

101 2714 152 2776 καί
173 2723 247 2788 νοῦς
269 2712 440 2796 ἀνθρώπων
463 2713 604 2795 ἀριθμεῖν
627 2723 686 2775 τῶν
708 2714 873 2794 θαυμάτων
899 2713 992 2776 αύτοῦ
1014 2711 1035 2793 ἢ
1057 2724 1117 2775 τῶν
1131 2735 1157 2775 τε

175 2882 242 2932 1-5
262 2876 352 2931 Rufin.
372 2876 468 2945 11,³2.
488 2908 522 2917 -
542 2882 628 2931 5-12
648 2878 684 2943 τί.
703 2875 776 2931 Ηῖεό.
795 2877 924 2931 monach.
942 2877 973 2930 in
986 2877 1116 2946 Aegypto

100 2950 143 3061 ff.
157 2948 319 3074 Εχεμχχλιμὸη
330 2947 358 3088 Il,
367 2965 411 3074 μχ).
427 2955 457 3015 43
472 2953 496 3001 5.
512 2979 545 2988 -
566 2953 671 3002 12-17
688 2949 723 3002 ib.
738 2946 759 3016 1,
775 2953 816 3002 1⁷.
830 2980 866 2988 —
886 2946 1076 3014 17-18ιο,1,
1092 2954 1115 3001 1.

173 3176 190 3224 4
208 3171 258 3225 καὶ
276 3186 326 3226 om.
346 3170 406 3225 ER.
427 3204 460 3211 -
485 3176 501 3224 ὅ
521 3168 753 3239 ἐνενηκονταετής
770 3169 901 3223 BEFLM
919 3175 944 3223 et
961 3184 1031 3223 rece.
1047 3185 1116 3224 non-

101 3242 173 3296 nulli
201 3242 433 3312 ἐνενηκοντούτης
455 3241 520 3295 Exo.
548 3273 581 3282 —
611 3247 644 3295 17
668 3237 761 3304 θείοις
782 3241 1000 3310 κατορθώμασιν
1023 3257 1073 3296 om.
1093 3240 1116 3293 B

99 3310 193 3375 θείοις
215 3330 265 3368 om.
285 3312 313 3367 G.
339 3345 372 3355 -—
397 3320 430 3368 18
450 3312 465 3367 δ
485 3310 561 3376 ύσιος
583 3312 612 3383 (ά
630 3333 673 3375 ιος
690 3312 749 3381 ΑΒ)
773 3312 888 3379 ἔκδηλος
909 3319 997 3367 πᾶσιν
1015 3311 1116 3366 ABLV

99 3393 187 3439 πᾶσιν
202 3383 216 3439 ὁ
233 3382 272 3439 όσ.
288 3384 345 3440 lun.
360 3384 409 3438 ΕΒ
426 3392 513 3439 πᾶσιν
528 3383 542 3437 ό
559 3380 598 3438 όσ.
613 3334 670 3439 ἐκεῖ.
685 3391 772 3438 πᾶσιν
787 3381 875 3437 OEN.
891 3415 924 3423 —
945 3388 977 3436 19
996 3383 1117 3453 ἔμπλεως

99 3454 229 3509 BDFLV
242 3462 267 3511 τό
284 3471 355 3511 nece.
370 3454 487 3524 quidam
511 3455 627 3525 ἐμπλεος
639 3454 750 3509 ΑΟΕΜ
763 3462 788 3510 τί
800 3469 870 3508 neoc.
886 3454 944 3509 alii.
960 3486 993 3494 -
1013 3460 1047 3508 22
1065 3461 1115 3508 τοῦ

99 3525 204 3597 χρόνον
223 3542 274 3584 σοι.
288 3525 322 3580 Ν.
342 3558 375 3567 -
398 3527 514 3597 ἀπειλῆς
531 3522 549 3593 ἢ
568 3523 865 3595 ἐτέρας-μελλούσης
882 3526 939 3579 BF.
960 3558 994 3565 —
1018 3523 1115 3592 ἑτέραν

98 3598 148 3651 ΑΡ
171 3594 189 3665 ἢ
209 3597 244 3652 ἑτ.
259 3596 320 3651 rell.
340 3629 373 3637 -
394 3602 430 3650 24
449 3602 483 3666 δὴ
503 3597 527 3649 Α
551 3596 587 3665 δὴ
605 3596 712 3651 BGDP
730 3604 756 3653 et
772 3612 842 3652 εεοο.
857 3595 994 3651 nonnulli.
