2617 3909
182 216 247 305 438
494 242 681 293 ΓΕΩΡΓιοΤ
698 244 882 295 nomm

184 388 215 451 δὲ
242 396 359 471 θρῆνος
386 389 433 452 ἐπὶ
461 399 496 474 τῇ
524 394 640 474 τελευτῇ
669 389 762 451 αὐτοῦ
788 388 905 470 κατέσχε
927 389 983 468 τὴν
1002 383 1131 469 Ῥώμην,
1159 387 1204 464 ὡς
1291 417 1292 496 ρ

183 488 215 549 ἐν
242 489 337 575 χρόνῳ
364 492 462 573 πολλῷ
486 496 591 549 τοῦτον
619 486 915 567 ἀπομνημονεύοντες
944 486 994 549 καλ
1021 488 1073 561 τδις
1095 486 1204 569 ἀρετὰς
1291 507 1292 512 ’

184 586 276 649 αὐτοῦ
299 585 539 667 ἀναλογιζόμενοι
558 586 686 669 δημοσίᾳ
703 584 754 647 καὶ
771 580 835 646 κατ’
852 586 954 659 οἴκους
972 587 1083 647 κλαίειν
1100 585 1203 666 ὥσπερ

185 684 284 768 οἰκείῳ
307 684 400 745 πάθει
422 683 613 763 κατεχόμενος
636 682 764 756 ἕκαστος.

157 804 169 843 ε
248 776 317 859 Ἐφ’
341 775 379 843 οὗ
407 780 440 842 τὸ
466 780 592 861 Βέσβιον
625 778 694 863 όρος
725 780 758 843 έν
787 791 823 866 τῇ
852 781 935 843 δόσει
961 780 1035 842 κατὰ
1061 790 1203 862 κορυφῆς

184 877 273 961 βαγέν
295 888 355 960 πῦρ
379 878 520 959 ἀνέβλυσε
543 888 695 958 τοσοῦτον,
718 876 759 952 ὥς
780 878 960 956 καταφλέξαι
982 878 1037 958 την
1059 901 1203 960 παρακει-

186 976 279 1057 μένην
303 978 400 1058 χώραν
423 977 480 1039 σῦν
502 982 566 1049 ταῖς
587 976 715 1038 πόλεσιν.
753 977 824 1059 ὅπερ
845 977 1025 1056 θεασάμενοι
1047 977 1079 1038 οί
1091 972 1203 1056 Ἕλλη-

184 1098 234 1148 νες
256 1074 306 1136 καί
329 1076 446 1156 σφόδρα
473 1073 703 1155 καταπλαγέντες
725 1072 882 1155 ἠρώτησαν
904 1098 987 1148 τινας
1008 1084 1067 1137 τῶν
1090 1074 1204 1156 ἕλλογί·

155 1176 157 1181 ’
186 1197 251 1252 μων
282 1183 471 1254 χριστιανῶν,
503 1183 566 1246 πῶς
597 1171 648 1233 καὶ
674 1172 772 1234 πόθεν
799 1171 906 1252 έξηλθε
933 1172 965 1233 τὸ
991 1181 1054 1254 πῦρ
1081 1172 1115 1234 έκ
1141 1183 1204 1234 τῶν

146 1292 172 1331 ιο
186 1271 323 1352 μυχάτων
350 1281 403 1352 τῆς
430 1280 493 1353 γῆς.
540 1272 572 1332 οί
596 1270 628 1332 δέ
656 1288 762 1349 φησιν’
790 1269 823 1331 ἐκ
849 1280 902 1351 τῆς
924 1267 1142 1350 ἡτοιμασμένης
1164 1277 1207 1354 τῷ

185 1370 314 1455 διαβόλῳ
337 1369 387 1431 καί
409 1376 470 1444 τοῖς
497 1368 630 1451 ἀγγέλοις
653 1368 746 1429 αὐτοῦ
768 1367 818 1428 καί
840 1377 913 1429 πᾶσι
935 1373 996 1442 τοῖς
1017 1366 1204 1449 ἁμαρτωλοῖς

185 1467 235 1529 καὶ
257 1466 392 1547 ἀσεβέσιν
414 1466 588 1548 ἀνθρώποις
606 1465 728 1547 γεέννης
745 1464 880 1544 ἀνεδόθη
897 1465 973 1546 πρὸς
990 1465 1204 1547 σωφρονισμὸν

185 1563 235 1625 καί
258 1565 417 1645 ἐπίγνωσιν
440 1575 499 1625 τῶν
522 1562 759 1644 ἁμαρτανόντων.
804 1562 852 1624 καλ
878 1565 970 1644 δῆλον
991 1563 1022 1637 ἐξ
1045 1556 1088 1625 ὧν
1110 1562 1160 1624 καί
1185 1562 1203 1626 δ
1295 1647 1296 1652 ¹

186 1662 361 1743 περιβόητος
388 1661 473 1741 ὑμῶν
499 1662 676 1733 διδάσκαλος
698 1662 825 1723 Πλάτων
847 1661 907 1741 ἔφη
930 1662 1146 1743 διεξερχόμενος
1168 1660 1204 1723 ἐν

147 1766 226 1844 τιτῷ
253 1760 388 1821 Φαίδωνι
415 1758 481 1841 περὶ
508 1770 567 1821 τῶν
590 1759 702 1836 λήξεων
724 1758 774 1819 καί
797 1758 1034 1840 ἀποπληρώσεων
1057 1768 1116 1819 τῶν
1138 1773 1204 1837 ψυ-
1295 1805 1296 1810 1

89 1870 131 1909 329
145 1868 177 1908 M·
190 1867 261 1938 χῶν,
285 1857 328 1918 ὅτι
351 1857 383 1919 οί
403 1867 500 1931 κακῶς
520 1857 693 1938 βεβιωκότες
710 1845 882 1930 κολάζονται
899 1857 932 1919 ἐν
950 1864 989 1941 τῳ
1003 1861 1136 1941 Κωκυτῳ
1150 1857 1203 1918 καὶ

187 1955 219 2017 έν
243 1961 281 2040 τῷ
301 1955 562 2037 Πυριφλεγέθοντι
589 1954 636 2015 καί
661 1954 694 2017 ἐν
717 1961 757 2038 τῷ
783 1955 935 2039 Ταρτάρῳ,
963 1955 1048 2017 ἅτινά
1070 1955 1147 2018 εἰσιν
1168 1954 1205 2017 ἐν

186 2060 225 2137 τῷ
250 2062 303 2133 της
330 2064 385 2135 γῆς
412 2054 510 2134 βάθει.
555 2052 605 2114 καί
627 2062 720 2113 ταῦτα
742 2050 796 2131 μέν
819 2052 925 2114 ἐκεῖνοι
947 2053 1022 2133 πρὸς
1043 2050 1113 2126 τοῦς
1135 2049 1201 2113 κατ’
1296 2087 1297 2100 1

186 2152 281 2214 έκεῖνο
304 2161 409 2233 καιροῦ
432 2153 650 2234 διαποροῦντας
659 2145 816 2229 Ἓλληνας.
853 2147 869 2210 δ
888 2149 921 2211 δέ
937 2173 970 2231 γε
988 2156 1072 2224 θεῖος
1090 2152 1204 2231 Πατρί-

147 2271 251 2323 εοκιος
265 2241 323 2311 καί
346 2260 398 2330 τῆς
420 2250 564 2330 Προόσης
586 2249 745 2321 ἐπίσκοπος
774 2245 824 2308 καὶ
852 2248 962 2329 μάρτυς
984 2247 1059 2329 πρὸς
1081 2248 1133 2309 τὸν
1156 2249 1204 2309 δι-

187 2346 299 2426 καστὴν
322 2345 499 2409 ἀνθύπατον
522 2346 682 2429 ἐρωτηθεὶς
704 2345 752 2408 ἐπί
776 2351 849 2407 λαοῦ
870 2344 921 2407 καὶ
941 2346 1039 2426 δήμου
1057 2346 1205 2428 περὶτῶν

187 2445 350 2524 αὐτοφυῶν
381 2450 502 2525 θερμῶν
534 2446 630 2507 πόθεν
657 2444 832 2525 ἀνάγονται,
864 2445 958 2517 οῦτως
989 2442 1150 2526 ἀπεκρίθη·
1186 2442 1204 2506 δ

262 2647 294 2695 13
309 2641 418 2696 Platon.
434 2642 537 2695 Phaed.
548 2660 578 2711 p.
595 2648 645 2695 112
656 2643 681 2693 A
690 2659 745 2711 τηρ.
773 2642 808 2707 cf.
822 2641 939 2695 Nonnus
954 2641 991 2694 ad
1004 2640 1118 2712 Gregor.
1131 2639 1204 2696 Naz.

190 2712 234 2766 Or.
249 2713 275 2766 Π
289 2716 339 2767 etr.
354 2712 457 2767 Julian.
472 2730 512 2781 ομ.
528 2718 561 2766 36
581 2713 678 2783 Migne
691 2712 768 2766 Tom.
784 2718 826 2778 36,
842 2718 910 2766 1053
921 2712 953 2766 D.
969 2744 1002 2753 —
1023 2718 1126 2782 19-μ.
1140 2718 1204 2781 440,

191 2790 223 2837 12
243 2784 339 2838 Passio
360 2784 417 2839 soti
436 2784 553 2837 patricii
571 2785 603 2837 in
616 2786 689 2837 Acta
704 2782 798 2837 θοροῦ.
813 2783 901 2853 April.
917 2782 993 2837 Tom.
1010 2784 1048 2837 ΙΠ
1061 2783 1203 2854 10.an

262 2959 275 3006 1
297 2954 355 3025 έπλ]
375 2954 404 3008 έν
423 2953 485 3006 BR.
505 2985 538 2993 -
563 2959 579 3006 3
598 2950 817 3025 διαλογιζόμενοι
835 2952 861 3005 R
878 2968 928 3008 om.
948 2952 977 3006 P.
997 2984 1031 2992 —
1051 2953 1163 3008 ἔκλαιον
1179 2953 1205 3006 Ρ

189 3023 355 3079 κατέκλαιον
369 3025 401 3078 R.
416 3056 451 3065 —-
467 3030 500 3079 10
514 3044 551 3094 μυ
569 3024 682 3079 άδωνδί
696 3022 871 3094 μυχαιτάτων
886 3025 986 3095 (ινυχετ.
1001 3024 1091 3094 NB,
1106 3044 1204 3095 μοιχο-

189 3095 280 3150 τάτων
298 3096 329 3149 Β.
351 3129 382 3135 -
403 3094 491 3167 φασίν
505 3097 531 3150 R
549 3046 659 3165 έφησαν
677 3096 707 3149 F.
727 3127 761 3136 —
781 3101 813 3148 15
833 3091 952 3163 φαίδονι
970 3094 1152 3149 CDFLPRV.
1169 3128 1204 3137 -

190 3167 411 3236 ἀποκληρώσεων
435 3166 493 3223 CR.
518 3199 553 3207 -
582 3172 614 3221 18
642 3164 705 3221 κατ’
731 3163 828 3222 ἐκείνω
856 3168 1015 3234 (κατεκεῖνω
1042 3166 1073 3237 C)
1100 3175 1204 3235 καιροῦ

190 3236 297 3291 BGLM
320 3235 482 3295 κατεκείνου
500 3247 601 3307 καιροῦ
621 3240 648 3309 (ῦ
667 3256 701 3292 ιιι.
718 3244 733 3292 1
752 3240 784 3292 in
801 3237 889 3306 lit.)P
908 3235 1056 3293 κατεκείνω
1075 3247 1163 3306 καιρῶ
1178 3239 1204 3291 Α

190 3306 254 3361 κατ’
267 3308 374 3365 ἐκεῖνον
393 3311 493 3380 καιρὸν
506 3311 532 3365 V
551 3308 616 3365 κατ’
631 3309 740 3363 ἐκεῖνον
758 3316 859 3376 καιροῦ
878 3306 910 3361 G.

263 3482 278 3530 7
299 3477 325 3532 οί
344 3479 453 3549 έλληνες
470 3478 642 3549 θεασάμενοι
663 3478 693 3531 P.
717 3510 751 3518 -
776 3484 810 3530 14
829 3478 891 3546 ἔφη.
925 3478 1039 3549 διεξερχ.
1055 3477 1107 3547 γὰρ
1128 3477 1203 3531 έν-

190 3556 246 3602 τῶν
259 3559 359 3620 ψυχῶν
373 3552 444 3622 λέγει
464 3548 505 3605 ὅτι
519 3551 548 3604 Ρ.
563 3582 598 3590 -
613 3556 645 3603 21
662 3549 719 3620 έπλ]
734 3548 789 3602 ὑπὸ
803 3549 833 3601 P.
849 3579 882 3587 -
900 3552 934 3601 22
949 3549 1110 3618 ἀνάγωνται
1123 3549 1153 3601 P.
1169 3580 1204 3589 -

192 3618 333 3693 ἀπεκρίθη
353 3622 470 3691 φάσκων
489 3622 517 3674 P.
