2617 3909
544 232 733 283 XPONIKON
1074 227 1141 293 505

122 379 212 460 λόγος
236 374 328 459 ἐστίν,
359 377 425 441 οὔτε
449 377 481 441 όέ
503 377 636 458 ἀληθινὴ
659 380 751 457 σοφία
779 377 871 440 αὐτοῦ
894 378 986 458 ἐστιν,
1013 373 1077 439 ἀλλ’
1098 372 1141 452 είς

122 476 181 556 μὲν
209 486 268 537 τῶν
294 477 468 556 ποιημάτων
490 476 541 538 καὶ
566 477 707 559 γεννητός
729 477 822 555 ἐστιν,
851 486 1086 558 καταχρηστικῶς
1109 474 1141 538 δὲ

121 573 238 655 λέγεται
264 574 350 656 λόγος
376 574 427 635 καί
454 576 547 653 σοφία
571 575 728 656 γενόμενος
751 572 801 636 καὶ
823 573 912 648 αότός
934 581 975 658 τῷ
999 574 1065 659 ίόίφ
1087 582 1140 635 τοῦ

123 679 203 734 θεοῦ
231 671 307 758 λόγῳ
335 670 384 734 καὶ
411 672 444 734 ἐν
471 674 510 757 τῷ
534 679 596 757 θεῷ
616 673 723 752 σοφία,
746 671 778 733 ἐν
800 660 821 758 6
842 671 894 733 καλ
915 670 951 734 τὰ
973 671 1070 733 πάντα
1090 670 1141 732 καὶ

120 769 219 832 αὐτὸν
246 770 407 848 πεποίηκεν
432 767 451 832 6
478 733 558 844 θεός.
604 771 651 833 διὸ
674 768 725 831 καί
746 769 866 851 τρεπτός
888 769 948 832 ἐστι
970 769 1020 831 καλ
1042 769 1140 832 ἄλλοι·
1169 788 1180 828 5

124 868 202 940 ωτὸς
234 867 289 946 τὴν
316 867 410 946 φύσιν
438 864 478 940 όις
506 866 557 929 καλ
582 869 680 930 πάντα
707 866 742 928 τά
768 868 880 950 λογικά.
904 865 1008 975 ξένος
1034 891 1064 929 τε
1091 866 1141 928 καὶ

120 965 278 1047 άλλότριος
304 963 354 1026 καί
381 963 640 1046 ἀπεσχοινισμένος
667 965 745 1028 ἐστίν
767 964 784 1027 6
796 941 918 1124 ίλόγος
915 975 968 1046 τῆς
989 973 1043 1028 τοῦ
1064 972 1141 1028 θεοῦ
1257 972 1260 977 ’

120 1063 241 1143 οὐσίας,
262 1061 366 1124 καλ”
330 1063 454 1144 αορατός
472 1063 551 1125 ἐστιν
569 1061 585 1124 6
604 1063 747 1148 πατὴρ
718 1070 759 1124 τῶ
775 1064 832 1148 υίφ
808 1061 984 1124 ῶοότε
952 1087 1008 1145 γαρ
1026 1065 1140 1137 τελείοις

124 1161 177 1222 καλ
200 1159 330 1242 ἀκριβῶς
353 1162 489 1242 γινώσκει
508 1158 524 1222 6
543 1162 629 1242 λόγος
646 1161 698 1223 τόν
716 1159 826 1242 πατέρα
846 1159 913 1222 οὔτε
935 1162 1049 1234 τελείως
1066 1159 1141 1243 ὁρᾶν

119 1259 219 1322 αὐτὸν
242 1259 374 1322 όόναται.
419 1257 468 1320 καί
491 1259 546 1340 γὰρ
570 1258 678 1320 ἑαυτοῦ
700 1257 756 1336 τὴν
778 1257 884 1320 ουσίαν
907 1257 963 1318 οὐκ
985 1252 1076 1337 οίδεν,
1099 1255 1140 1330 ὡς
1154 1279 1180 1317 ιο

120 1357 193 1430 υἱός
216 1356 305 1436 ἐστιν,
328 1350 368 1418 δι’
389 1353 468 1436 ἡμᾶς
489 1357 545 1439 γὰρ
567 1358 735 1436 πεποίηται,
758 1357 808 1418 ἵνα
830 1350 967 1436 ἡμᾶςδι’
987 1356 1081 1418 αὐτοῦ
1100 1353 1140 1429 ὡς

121 1449 168 1516 δι’
191 1453 320 1536 ὀργάνου
343 1456 427 1538 κτίση
451 1453 467 1516 6
490 1453 572 1535 θεός,
594 1453 644 1516 καί
667 1453 723 1516 οὐκ
745 1453 783 1515 άυ
805 1453 927 1533 όπέστη,
949 1453 978 1516 εἰ
999 1454 1039 1534 μὴ
1062 1450 1141 1533 ἡμᾶς

120 1551 275 1632 ἠθέλησεν
306 1550 322 1613 6
354 1552 427 1626 θεὸς
453 1562 583 1632 ποιῆσαι.
632 1550 785 1634 ἠρώτησεν
811 1544 867 1614 οὖν
893 1574 938 1625 τις
964 1550 1088 1631 αότοός,
1114 1551 1142 1612 εί

121 1652 254 1712 θάνατοι
272 1648 288 1712 6
306 1659 360 1712 τοῦ
382 1657 457 1712 θεοῦ
481 1651 566 1732 λόγος
588 1659 746 1732 τραπῆναι,
769 1648 810 1724 ὡς
827 1650 938 1732 ἐτράπη
957 1647 973 1710 6
991 1650 1140 1731 διάβολος,

123 1748 177 1810 καὶ
208 1747 264 1810 οόιι
295 1747 495 1829 ἐφοβήθησαν
526 1749 666 1812 είπεῖν“
648 1766 704 1810 οτι
735 1749 800 1828 ναί,
832 1748 957 1809 δόνατοιι
982 1757 1140 1831 τραπηναι,
1153 1768 1179 1808 ιε

121 1855 249 1928 τρεπτῆς
271 1846 330 1968 γάρ
350 1845 410 1908 ἐστι
432 1847 551 1925 φύσεως
573 1846 715 1928 γεννητὸς
736 1845 787 1907 καλ
808 1845 923 1920 κτιστός
944 1845 1111 1927 ὑπάρχων.

191 1937 277 2004 Ἀλλά
304 1944 336 2006 τό
364 1944 437 2006 κατὰ
464 1945 519 2024 την
541 1945 672 2006 σόνοόον
693 1942 815 2024 γεγονὸς
836 1950 942 2022 θαῦμα
963 1942 1000 2004 οὐ
1023 1944 1140 2004 δίκαιον

122 2050 225 2125 σιωπῇ
248 2041 515 2122 παραπίμψασθαι.
560 2041 635 2122 πρὸς
657 2040 713 2123 γάρ
735 2042 768 2104 τό
789 2042 958 2124 παράδοξον
980 2050 1034 2102 τοῦ
1056 2042 1140 2120 βασι-

125 2145 211 2200 λικοῦ
234 2140 429 2221 διατάγματος
450 2139 501 2201 καὶ
524 2140 686 2219 φιλόσοφοι
708 2139 758 2199 καὶ
778 2139 899 2220 ῥήτορες
917 2138 949 2200 ἐν
967 2147 1002 2221 τη
1022 2137 1140 2224 συνόδῳ

120 2246 265 2319 παρῆσαν
289 2238 471 2317 διαλεκτικῆς
493 2237 704 2320 ἐμπειρότατοι,
725 2237 759 2298 ἐν
778 2230 861 2310 οίς“
844 2234 957 2356 ηπῇρχὲ
974 2259 1017 2309 τις
1027 2231 1140 2314 Ἕλλην
1153 2258 1180 2298 ευ

121 2333 177 2396 καί
200 2332 290 2407 αὐτὸς
316 2333 397 2417 παρὰ
421 2334 541 2396 πάντων
564 2334 791 2414 θαυμαζόμενος
813 2333 947 2407 καὶτοῖς
969 2333 1140 2408 ἐπισκόποις

122 2430 202 2513 όπέρ
231 2427 345 2512 Ἀρείου
380 2431 538 2512 πάμπολλα
574 2433 865 2513 όιαπληκτιζόμενος,
901 2431 974 2494 ὥστε
1010 2433 1140 2514 μεγάλην

122 2529 270 2610 ἀκρόασιν
293 2529 325 2591 ἐν
347 2540 400 2610 τῆς
422 2533 574 2611 συμβολῆς
596 2529 736 2612 γενέσθαι
757 2530 896 2609 πλήθους
918 2530 1139 2613 ἐπισυντρέχον-

124 2651 184 2700 τος.
231 2625 301 2689 οὐδὲ
329 2627 385 2709 γάρ
413 2622 474 2690 οίοί
497 2651 527 2690 τε
554 2621 632 2708 ἦσαν
659 2629 691 2690 ot
716 2628 870 2691 ἐπίσκοποι
896 2628 948 2691 τὸν
971 2628 1140 2708 φιλόσοφόν

124 2749 155 2788 τε
178 2723 229 2786 καὶ
251 2725 361 2808 ῥήτορα
382 2725 555 2808 περιτρέψαι
577 2725 648 2800 τέοος
671 2726 887 2808 διαλεγόμενον,
918 2726 962 2788 ὅτι
984 2737 1056 2788 πᾶσι
1078 2733 1139 2801 τοῖς
1153 2748 1179 2789 τε

124 2822 320 2905 ἐπαγομένοις
342 2825 433 2908 ῥᾷστα
458 2824 652 2907 προσεφέρετο
676 2823 804 2887 ἐπιλύων
826 2824 947 2904 εόφυῶς
968 2823 1004 2884 τὰ
1025 2845 1140 2906 προτει-

197 2993 304 3041 17-18
317 2987 353 3054 cs.
364 2986 454 3040 Rufin.
464 2987 499 3040 H.
510 2987 575 3042 οοοΙ.
586 2985 607 3055 L
618 2988 700 3042 νικά.
716 2986 845 3041 Gelasius
856 2986 945 3055 Gyciz.
956 2985 1029 3040 Hist.
1040 2986 1138 3040 concil.

125 3058 243 3118 Nicaen.
258 3057 292 3126 Π,
307 3058 394 3114 διἀίτ.
413 3058 509 3129 Migne
523 3058 601 3113 Tom.
616 3063 659 3123 85.
676 3064 744 3113 1244
754 3060 786 3112 A.
802 3090 835 3098 -
856 3063 960 3127 18-γ.
975 3062 1037 3124 507,
1052 3063 1085 3111 15
1103 3059 1137 3125 cf.

125 3130 217 3184 Rufin.
236 3129 262 3197 Ι,
283 3135 298 3184 3
322 3128 413 3184 Gelas.
428 3128 518 3198 Cyciz.
537 3130 575 3198 Π,
596 3135 628 3186 13
647 3129 743 3200 Migne
764 3134 832 3182 1252
847 3134 957 3198 praeter
974 3129 1140 3199 8666666663

126 3219 225 3257 κονιου
242 3207 268 3256 6
284 3218 370 3272 γικυε
387 3201 501 3256 aliunde
518 3202 629 3256 όυειπα.

200 3339 300 3404 λγενη
301 3331 348 3396 τός
370 3333 487 3388 GD.-
511 3333 580 3388 666
599 3352 649 3390 om
666 3334 783 3387 AV-
808 3339 840 3388 ll
864 3333 937 3401 ἡμᾶς
954 3350 1004 3388 om
1023 3333 1080 3387 AB
1104 3365 1137 3373 -

128 3405 196 3458 14
181 3425 218 3466 ως
241 3404 388 3474 ἐτράπη-
400 3411 433 3459 15
452 3413 593 3490 τραπῆναι
615 3423 666 3462 ουτ.
684 3405 803 3459 FM-
827 3411 859 3459 16
883 3405 997 3475 γενητὸς
1019 3404 1079 3458 DF
1104 3437 1137 3444 —

127 3482 161 3529 23
181 3478 337 3547 συμβουλῆς
354 3476 403 3530 BL
422 3483 447 3530 et
465 3478 519 3529 A
508 3494 539 3530 ττι
558 3494 610 3546 660
627 3498 645 3532 υ
664 3493 786 3534 eras.-
752 3475 996 3547 -ἐπιτρέχοντος
1013 3475 1095 3529 ABV

199 3617 231 3665 21
252 3610 329 3680 παρὰ
346 3610 455 3672 πάντας
472 3610 501 3664 P.
