2617 3909
185 219 251 284 720
497 219 684 271 ΓΕΩΡῙἾΟΤ
701 219 884 272 MONAXOT

184 368 255 448 μετὰ
276 377 382 431 τοῦτον
405 369 567 449 Ζαχαρίαν·
595 366 669 428 ἀλλὰ
691 376 797 428 τοῦτον
824 365 865 440 ὥς
892 367 1045 445 μισθωτὸν
1069 365 1122 428 καί
1146 368 1206 430 οὐκ

183 465 286 546 ἀληθῆ
317 465 444 546 ποιμένα
469 464 688 546 άποβάλλονται
718 465 794 527 ἐνιοι
822 463 851 539 ἐξ
882 464 989 526 αὐτῶν.
1035 463 1121 526 ἕκτον
1138 465 1205 528 ’τὸν

183 566 307 644 Βαάνην
328 564 380 626 τδν
399 557 559 645 Ῥυπαράν,
587 562 637 624 καλ
660 562 789 644 ἕβδομον
815 563 900 643 ἔσχον
922 563 974 625 τδν
997 561 1126 644 Σέργιον
1150 564 1204 626 τὸν

184 663 234 724 καλ
263 662 390 743 Τυγικὸν
417 661 524 724 ἐαυτὸν
552 661 798 740 μετονομάσαντα.
845 661 991 722 Μάνεντυ
1017 662 1124 722 τοίνυν
1152 660 1204 722 καί

157 765 309 822 τΠαῦλον
332 759 382 820 καλ
397 755 541 837 Ἰωάννην
563 758 613 819 καλ
635 756 753 838 άλλους,
776 757 831 832 οδς
853 757 905 819 ἐάν
928 781 971 832 τις
994 759 1062 842 είπη
1087 758 1203 838 αὐτοῖς,

184 858 351 940 προθύμως
368 856 647 936 άναθεμοιτίζουσιν,
665 859 895 918 Κωνσταντῐνον
914 854 946 918 δὲ
959 857 1011 918 τδν
1027 855 1076 917 καλ
1091 861 1201 918 Σιλου-

40 1029 44 1037 ,
184 956 260 1017 ανδν
281 954 479 1034 ἐπικληθέντα
505 953 555 1015 καί
577 953 706 1033 Συμεὼν
728 953 780 1015 τὸν
802 954 852 1015 καί
877 959 965 1016 Τῖτον
987 953 1037 1014 καλ
1060 952 1203 1016 Γενέσιον

85 1077 125 1117 εοτ
139 1076 170 1114 ιι.
184 1054 237 1115 τὸν
268 1053 318 1114 καλ
347 1052 498 1132 Τιμόθεον
529 1051 579 1113 καλ
602 1046 713 1130 Ἰωσὴφ
740 1051 792 1113 τδν
823 1052 874 1114 κοιλ
897 1048 1120 1132 Ἐπαφρόδιτον
1151 1051 1203 1112 καλ
1289 1041 1290 1046 ¹

184 1152 308 1231 Βαάνην
338 1152 390 1214 τδν
417 1144 562 1230 Ῥυπαρδν
593 1149 644 1210 καλ
671 1147 798 1231 Σέργιον
829 1149 881 1211 τὸν
917 1149 966 1210 καὶ
1000 1149 1129 1229 Τυχικδν
1162 1147 1202 1222 ὡς

145 1273 171 1313 ιο
185 1251 382 1324 διδασκάλους
403 1249 503 1311 αὐτῶν
525 1247 664 1326 οὐδαμῶς
686 1246 969 1328 ἀναθεματίζουσιν,
996 1241 1060 1307 ἀλλ’
1081 1246 1202 1326 ἔχουσιν

185 1349 294 1422 αὐτοὺς
316 1347 413 1428 ὥσπερ
435 1344 618 1418 ἀποστόλους
639 1349 779 1427 Χριστοῦ.

251 1445 383 1527 Λέγουσι
413 1442 445 1505 δέ
475 1442 527 1504 καλ
548 1445 583 1518 ἐξ
610 1442 765 1522 ἐκκλησίας
796 1442 828 1504 ἐν
855 1449 891 1527 τῇ
919 1439 1060 1526 ὁμολογίᾳ
1086 1443 1201 1503 αὐτῶν

185 1544 241 1622 τὴν
264 1543 471 1622 Μακεδονίαν,
492 1541 558 1621 ἥτις
580 1540 640 1602 ἐστλ
662 1541 789 1621 κάστρον
811 1539 981 1612 Κολωνείας
1003 1535 1023 1617 ἡ
1046 1539 1201 1619 Κέβωσσο,

132 1660 133 1663 ’
186 1640 225 1720 ἢν
248 1640 430 1719 ἐμαθήτευσε
452 1643 680 1712 Κωνστοντῐνος
702 1635 718 1698 ὁ
741 1635 792 1698 καλ
809 1636 977 1710 Σιλουανδς
997 1635 1049 1698 καί
1071 1637 1203 1716 Συμεὼν
1289 1643 1290 1690 T

145 1737 203 1801 ιτδ
234 1737 284 1799 καλ
318 1741 418 1810 Τῖτος·
452 1738 506 1816 τὴν
535 1731 670 1817 Ἀχαίαν,
706 1736 771 1815 ἥτις
805 1734 864 1796 ἐστὶ
895 1735 980 1814 κώμη
1013 1735 1200 1814 Σαμιοσάτον
1289 1755 1290 1786 ³

185 1833 207 1924 ἡ
233 1835 428 1915 Μανανάλις,
461 1832 500 1914 ἣν
533 1835 717 1914 ἐμαθήτευσε
748 1831 885 1905 Γενέσιος
917 1829 933 1894 δ
965 1832 1015 1893 καλ
1040 1832 1199 1912 Τιμόθεος·

185 1933 240 2014 την
262 1945 322 1996 τῶν
346 1935 570 2013 Φιλιππησίων,
597 1933 667 2007 τοὺς
695 1931 833 2012 μαθητὰς
858 1928 989 2010 λέγοντες
1008 1926 1121 2010 Ἰωσὴφ
1148 1940 1201 1993 τοῦ

186 2033 236 2094 καλ
262 2029 484 2113 Ἐπαφροδίτου
520 2031 570 2093 καὶ
602 2031 751 2113 Ζαχαρίου
783 2037 836 2090 τοῦ
870 2034 1023 2108 μισθωτοῦ
1059 2028 1202 2107 ποιμένος

185 2126 256 2213 παρ’
288 2130 387 2194 αὐτῶν
419 2128 590 2212 λεγομένου
623 2130 679 2209 την
706 2137 765 2188 τῶν
794 2125 986 2206 Λαοδικέων,
1018 2125 1137 2207 λέγουσι
1169 2125 1201 2187 δέ

146 2253 173 2292 ιο
186 2229 256 2302 τοὺς
274 2224 463 2310 Ἀργαούτας,
484 2226 535 2289 καί
558 2227 613 2305 τὴν
635 2236 695 2287 τῶν
714 2220 872 2304 Ἐφεσίων,
893 2224 963 2296 τοὺς
986 2223 1018 2285 ἐν
1041 2228 1200 2303 Μομψου-

258 2398 274 2446 5
293 2390 367 2446 είποι
387 2391 449 2446 DR.
465 2423 499 2430 -
519 2395 533 2443 7
553 2387 630 2443 τίτον
649 2387 735 2444 GDP.
752 2420 784 2427 -
804 2385 947 2458 γεγνέσιον
966 2385 1024 2440 cl).
1046 2419 1079 2426 —
1100 2393 1135 2440 13
1154 2407 1200 2440 κο-

186 2462 303 2524 λωνείως
314 2462 393 2516 BRV
407 2459 551 2524 κολονείας
562 2463 584 2514 Α
598 2457 735 2523 κολωνίας
748 2459 801 2512 DE
818 2455 949 2521 κολονίας
962 2457 983 2512 O
1001 2455 1157 2522 καλωνείας
1170 2459 1199 2511 P.

187 2567 221 2574 —
239 2533 257 2602 ἡ
276 2529 392 2603 κίβοσσα
410 2533 461 2586 AR
482 2533 533 2602 τὴν
552 2529 676 2602 κίβωσαν
694 2531 725 2586 Β.
750 2563 783 2570 -
808 2535 842 2584 15
860 2527 934 2592 τίτος
952 2528 1056 2583 AODE
1080 2535 1107 2584 et
1128 2546 1199 2584 reno.

186 2605 311 2673 quidam.
336 2635 371 2644 —
394 2603 553 2673 σαμοοάτον
571 2603 621 2656 EV
643 2611 669 2658 et
686 2619 757 2656 rece.
776 2601 899 2671 quidam.
928 2599 1107 2670 σαμουσάτου
1129 2617 1199 2655 rece.

188 2675 238 2729 alii
261 2673 426 2744 σαμοσάτων
444 2674 476 2727 Β.
494 2705 527 2714 -
547 2680 580 2728 16
599 2673 617 2742 ἡ
631 2673 788 2743 μανανάλις
801 2673 823 2726 Ρ
840 2672 858 2741 ἡ
872 2671 1028 2741 μανάναλις
1045 2671 1097 2725 DV
1115 2671 1133 2741 ἡ
1148 2692 1201 2740 μα-

187 2745 286 2809 ναάλις
303 2745 360 2799 ΕΒ
386 2744 541 2814 ἡμανάλις
563 2748 635 2814 (-λης
652 2745 688 2814 Α)
711 2743 758 2798 ΑΟ
780 2744 831 2813 τὴν
854 2744 974 2812 μάναλιν
992 2742 1023 2798 Β.
1048 2775 1081 2784 -
1106 2762 1138 2812 γε
1156 2741 1199 2798 νέ-

187 2837 247 2881 σιος
261 2817 319 2871 OD.
335 2848 369 2856 —
385 2822 419 2870 20
433 2814 625 2885 μομψουεστία
639 2816 694 2870 DR
712 2815 903 2886 μομψουέστια
916 2814 939 2866 Ρ
955 2812 1070 2884 μόμψου
1085 2764 1164 2869 ἑστέα
1177 2814 1201 2867 Ε

187 2896 301 2959 μομπγοῦ
321 2884 397 2941 ἐστία
414 2888 439 2940 A
462 2885 635 2956 μοψουεστία
652 2887 702 2942 BV
725 2887 820 2956 μόψου
839 2882 915 2941 ἑστία
935 2884 962 2940 G.

260 3038 273 3083 1
294 3029 447 3101 μισθωτὸν]
467 3028 656 3098 παρείσακτον
675 3030 705 3082 Ρ.
729 3061 763 3068 -
788 3029 896 3090 2τινές
913 3027 1000 3082 αὐτὸν
1023 3027 1202 3100 ἀποβάλλον·

186 3123 233 3156 ται
251 3101 281 3154 P.
301 3133 335 3141 -
354 3106 404 3155 Μ
423 3099 488 3171 μεθ’
506 3099 540 3156 δν
558 3100 649 3173 βάνην
667 3100 718 3155 τδν
736 3096 800 3170 δυττ.1
815 3097 961 3169 λεγόμενον
980 3099 1028 3152 καλ
1047 3096 1202 3168 γενόμενον

188 3174 236 3227 καλ
255 3170 326 3241 σέργ.
341 3172 371 3227 P.
386 3205 421 3213 —
440 3172 567 3235 ὅαδτοῑς
584 3171 649 3244 είπη
664 3173 693 3226 Ρ.
709 3203 742 3212 -
764 3176 921 3241 Ίσυμεῶνα
934 3169 964 3224 Ρ.
979 3201 1014 3210 -
1033 3169 1156 3240 9βάνην
1170 3169 1201 3224 Ρ.

188 3277 221 3284 -
241 3243 279 3305 ὡς
296 3244 432 3315 μεγάλους
449 3243 636 3306 διδασκάλους
648 3243 679 3296 P.
694 3274 729 3283 —
749 3248 834 3296 10.11
854 3238 913 3295 ἀλλ’
927 3241 964 3305 ὡς
981 3242 1079 3296 ἀποστ.
1094 3261 1137 3312 γρ.
1152 3242 1201 3295 καλ

188 3314 319 3383 μαθητὰς
336 3316 447 3386 ἔχουσιν
465 3315 496 3369 Ρ.
514 3347 548 3356 -
568 3320 601 3367 12
621 3315 652 3370 ἐν
670 3322 703 3384 τῇ
723 3314 816 3368 αὐτῶν
834 3311 967 3382 ὁμολογία
984 3313 1033 3366 καλ
1051 3312 1200 3384 δεινοτάτη
1287 3359 1288 3378 ,

187 3383 279 3439 πίστει
293 3385 322 3438 Ρ.
337 3416 373 3426 -
388 3391 422 3438 13
435 3386 574 3454 φρούριον
593 3383 746 3446 καλωυείας
761 3384 779 3452 ἡ
793 3381 847 3456 κίβ.
862 3369 994 3453 λεγομένη
1007 3383 1037 3437 P.
1053 3414 1087 3422 —
1103 3389 1138 3436 14
1152 3383 1201 3436 καλ
1287 3399 1288 3418 ³

189 3474 248 3524 συμ.
264 3455 280 3509 δ
298 3456 348 3508 καλ
366 3457 440 3519 τ’ῖτος
456 3473 507 3509 om.
526 3455 556 3508 P.
573 3487 609 3495 —
628 3461 662 3508 16
682 3475 745 3523 μαν.
760 3453 917 3524 καλουμένη
935 3455 964 3508 P.
984 3487 1020 3495 —
1038 3450 1151 3518 ἐδίδαξε
1168 3453 1199 3507 Ρ.
1287 3473 1288 3478 ’

188 3558 224 3565 -
248 3532 280 3580 17
303 3525 355 3594 τὴν
376 3531 520 3580 τῶν-19
543 3523 692 3594 λεγομένου
715 3541 765 3579 ουτ.
789 3525 819 3579 P.
843 3557 876 3566 -
902 3531 935 3578 19
958 3534 1013 3580 τῶν
1036 3541 1085 3580 ονε.
1111 3525 1141 3578 Ρ.
1164 3557 1200 3566 -

191 3601 277 3649 19.20
297 3593 347 3657 οὓς
363 3595 417 3664 λέγ.
436 3595 501 3658 τοὺς
519 3596 580 3665 ἀργ.
595 3594 625 3648 Ρ.
644 3626 679 3636 -
699 3600 733 3649 20
752 3598 800 3650 καί
819 3603 843 3653 εί
860 3605 915 3651 τῶν
934 3614 984 3652 om.
999 3595 1028 3650 P.
