2617 3909
201 234 267 299 646
517 235 705 287 ΓΕΩΡΓΙΟΤ
722 236 906 288 ΜΟΝΑΧΟΤ

202 383 438 465 μακροθυμήσας
466 382 516 445 καί
543 384 667 465 ὕστερον
690 381 740 443 διὰ
766 382 799 444 τδ
823 381 1024 462 ἀμετανόητον
1046 382 1151 445 αὐτῶν
1175 384 1236 445 καὶ

202 480 421 562 ἀνεπίστροφον
443 490 496 561 τῆς
514 471 687 561 ἀδιακρίτου
710 478 760 541 καί
781 478 946 541 ἀκολάστου
965 481 1087 562 γνώμης
1110 481 1234 556 ἐπάξας

202 580 280 658 μύλα
303 580 425 652 δικαίως
442 579 497 658 τὴν
515 579 670 660 τιμωρίαν·
694 577 810 659 κραυγὴ
828 578 977 656 Σοδόμων
994 578 1046 639 καὶ
1062 579 1233 661 Γομόρρας

202 677 409 755 πεπλήθυυται
422 675 497 757 πρός
511 699 556 757 με,
574 675 624 737 καί
642 677 677 737 αἱ
686 673 826 756 ἁμαρτίαι
839 675 940 737 αύτῶν
955 676 1076 757 μεγόλαι
1092 677 1232 758 σφόδρα

176 772 252 838 ικαὶ
275 772 375 855 έπόγει
401 772 527 854 λέγουσα
553 770 573 852 ἡ
596 773 711 855 γραφή·
741 773 792 834 καί
818 773 915 855 ξδρεξε
938 774 1042 855 κύριος
1064 784 1144 856 πῦρ,
1173 776 1230 837 καὶ

201 876 289 933 θεῖον
307 870 387 953 παρὰ
405 873 511 953 κυρίου
529 871 578 933 ἐπὶ
596 871 720 951 Σόδομα
738 870 789 932 καί
805 870 954 953 Γόμορρα,
972 871 1022 933 καὶ
1040 871 1228 955 κατέστρεψε

202 968 254 1041 τὰς
272 968 371 1042 πόλεις
388 969 496 1043 ταύτας
514 968 564 1031 καί
584 979 684 1031 πᾶσαν
706 970 762 1049 τὴν
779 969 932 1049 περίοικον
949 967 1000 1030 καί
1017 970 1133 1043 πάντας
1152 971 1229 1045 τοὺς

202 1075 413 1141 κατοικοῦντας
440 1066 473 1129 ἐν
500 1073 563 1141 ταῖς
590 1066 718 1129 πόλεσιν.
764 1067 791 1129 εί
812 1064 845 1129 δέ
870 1089 915 1139 τις
936 1077 996 1128 τῶν
1019 1067 1061 1147 μὴ
1083 1068 1141 1147 τὴν
1164 1079 1229 1149 γῆν

202 1164 320 1245 έκείνην
343 1163 515 1246 ἑωρακότων
538 1162 676 1243 ἀπιστοίη
700 1165 741 1244 μη
769 1165 864 1238 οὕτως
890 1165 981 1247 ἔχειν,
1008 1165 1140 1228 ἀκουέτω
1170 1177 1228 1247 τῆς
1296 1193 1297 1252 }

162 1287 189 1329 ιο
203 1264 290 1336 θείας
325 1272 444 1345 γραφῆς
476 1262 677 1344 διηγουμένης
711 1261 762 1323 καὶ
798 1263 951 1343 λεγούσης·
988 1264 1065 1342 αύτη
1103 1265 1227 1326 δίκαιον

11 1430 13 1445 ,
201 1360 445 1440 έξαπολλυμένων
471 1358 587 1441 ἀσεβῶν
614 1360 756 1442 ἐρρύσατο
784 1360 919 1441 φυγόντα
950 1360 1132 1440 καταβόσιον
1160 1372 1227 1444 πῦρ

11 1454 14 1531 f
132 1505 134 1511 .
203 1458 426 1531 Πενταπόλεως·
455 1450 492 1536 ἧς
519 1458 560 1519 ἔτι
588 1458 750 1540 μαρτύριον
776 1467 829 1537 της
850 1458 997 1539 πονηρίας
1019 1458 1224 1538 καπνιζομένη
1297 1479 1298 1482 ’

11 1542 13 1639 J
104 1574 144 1614 ιιι
157 1572 189 1613 α.
203 1554 367 1634 καθέστηκε
390 1554 491 1635 χέρσος
513 1555 564 1617 καὶ
586 1554 715 1618 ἀτελέσιν
740 1556 830 1637 ὥραις
851 1564 1102 1637 καρποφοροῦντα
1129 1558 1223 1635 φυτά.

204 1650 343 1725 ὡσαύτως
361 1674 393 1733 γε
414 1652 465 1713 καί
480 1648 579 1714 Ἰούδα
594 1647 739 1734 Ἰακώβου
761 1654 941 1730 φάσκοντος·
965 1651 1006 1727 ὡς
1025 1654 1151 1733 Σόδομα
1171 1655 1223 1717 καὶ

164 1774 190 1816 ιτ
204 1748 343 1831 Γόμορρα
365 1748 416 1811 καί
438 1750 473 1812 αί
492 1749 559 1832 περί
581 1750 673 1825 αδτδις
695 1752 795 1825 πόλεις
817 1752 869 1815 τόν
891 1751 997 1830 ὅμοιον
1018 1752 1135 1825 τούτοις
1152 1754 1223 1835 τρό-

11 1836 15 1949 }
203 1869 262 1908 που
294 1846 526 1929 ἐκπορνεύσασαι
557 1847 608 1911 καί
639 1848 824 1911 ἀπελθοῦσαι
855 1846 950 1911 όπίσω
981 1850 1090 1932 σαρκὸς
1121 1848 1224 1932 ἑτέρας

11 1956 12 1959 ’
202 1945 371 2028 πρόκεινται
394 1946 498 2027 δεῖγμα
520 1946 616 2029 πυρὸς
637 1948 762 2009 αἰωνίου
786 1948 874 2026 δίκην
895 1945 1064 2027 ὑπέχουσαι.
1299 1951 1300 1954 ’

270 2042 361 2125 Λέγει
384 2042 488 2106 δὲκαὶ
511 2042 527 2105 δ
550 2051 634 2119 θεῖος
657 2044 879 2126 Χρυσόστομος·
907 2044 1025 2106 ἀπιστεῖ
1047 2068 1091 2118 τις
1112 2054 1149 2129 τῇ
1173 2070 1221 2128 γε·

203 2141 290 2227 έννη;
314 2142 349 2203 τδι
372 2143 495 2222 Σόδομα
519 2142 745 2225 διαλογιζέσθω,
772 2142 808 2203 τά
829 2142 970 2225 Γόμορρα
991 2142 1142 2223 ἐννοείτω,
1164 2144 1220 2224 την
1254 2183 1257 2189 -

163 2266 190 2306 ιο
203 2239 403 2322 γεγενημένην
426 2242 568 2322 τιμωρίαν
586 2240 637 2301 καὶ
660 2241 701 2303 ἔτι
724 2240 873 2320 μένουσαν
895 2238 946 2301 καί
967 2249 1021 2301 τοῦ
1042 2241 1221 2315 διαιωνίζειν

77 2338 80 2342 ’
110 2366 112 2370 ·
204 2338 259 2417 τὴν
286 2340 407 2401 κόλασιν
435 2336 555 2421 ἐναργὲς
581 2338 739 2421 τεκμήριον
769 2347 964 2419 παριστῶσαν.
1001 2338 1064 2399 Ικαὶ
1094 2338 1150 2420 γὰρ
1182 2340 1221 2401 ού

204 2435 298 2514 μόνον
321 2433 340 2514 ἡ
364 2445 418 2517 γῆ,
445 2434 519 2498 ἀλλὰ
546 2436 596 2497 καὶ
619 2436 708 2509 αύτός
731 2433 747 2497 ὁ
769 2434 828 2517 ἀὴρ
851 2434 901 2497 καὶ
927 2435 963 2497 τὰ
986 2436 1080 2497 ύδατα
1105 2435 1218 2518 μετέσχε

275 2612 291 2659 3
311 2604 378 2659 Gen.
395 2611 437 2673 18,
452 2612 494 2661 20.
515 2638 548 2647 -
568 2613 584 2661 ὅ
604 2606 672 2661 Gen.
689 2612 731 2676 10,
745 2612 793 2674 243
807 2612 850 2662 25.
870 2638 904 2647 -
923 2612 1019 2661 9-1'1
1037 2608 1073 2674 cf.
1088 2608 1219 2662 Ααοετοο.

204 2676 261 2731 Sin.
282 2675 394 2741 (λατρεύ.
414 2682 430 2731 8
454 2677 551 2746 Migne
569 2678 646 2733 Tom.
662 2684 710 2746 80,
729 2680 823 2733 09011.
843 2710 876 2717 -
902 2684 935 2732 10
955 2678 1019 2748 Sap.
1037 2684 1079 2744 10,
1092 2685 1123 2745 63
1140 2685 1164 2733 7.
1185 2711 1218 2721 -

205 2754 239 2803 14
257 2748 308 2818 Ep.
323 2747 387 2802 Jud.
404 2754 427 2802 ⁷.
448 2780 482 2789 -
503 2754 598 2819 18-1).
614 2755 676 2818 647,
692 2755 725 2803 10
744 2749 884 2818 chrysost.
901 2749 982 2804 Hom.
1001 2750 1032 2804 in
1046 2749 1066 2802 I.
1082 2750 1178 2804 Thess.
1193 2756 1220 2819 8,

203 2837 244 2891 οφ,
260 2826 276 2874 3
295 2819 391 2890 Migne
410 2818 487 2875 Tom.
503 2824 546 2889 62,
561 2827 612 2875 442
622 2822 670 2889 μοι.
690 2822 786 2876 ordine
803 2823 917 2876 inverso.

276 2978 291 3026 3
311 2971 384 3041 μύλα
404 2968 521 3034 δικαίως
534 2971 671 3027 BPSuid.
687 2990 710 3027 υ.
726 2971 834 3043 κραυγὴ
849 2969 995 3041 Σοδόμων.
1018 2971 1092 3041 μάλα
1110 2972 1159 3026 καὶ
1174 2976 1218 3027 δι-

202 3042 290 3106 καίως
308 3043 443 3098 ODERV
465 3045 514 3098 καὶ
532 3043 606 3113 μάλα
625 3041 743 3107 δικαίως
759 3043 797 3096 Μ.
820 3074 852 3083 -
878 3048 929 3098 06
948 3052 1005 3109 πῦρ
1023 3041 1101 3110 παρὰ
1120 3042 1218 3111 κυρίου

203 3116 251 3169 καὶ
268 3118 352 3170 θεῖον
371 3114 397 3169 V
418 3116 468 3169 καί
485 3118 569 3170 θεῖον
587 3131 637 3169 om.
656 3114 690 3167 R.
713 3146 748 3155 —
771 3119 788 3167 8
807 3116 838 3170 ἐν
857 3114 957 3176 αύταῑς
973 3122 1036 3177 ταῖς
1053 3112 1166 3169 πόλεσιν
1183 3114 1216 3169 N.

204 3216 237 3225 -
252 3185 289 3253 μὴ
307 3184 359 3254 τὴν
378 3193 430 3255 γῆν
449 3184 560 3255 ἐκείνην
573 3184 624 3239 ΒΡ
641 3184 694 3254 τὴν
699 3192 760 3309 γῆν
779 3182 889 3254 ἐκείνην
903 3186 941 3254 μὴ
955 3184 1061 3239 OERV
1073 3191 1099 3240 et
1111 3202 1147 3240 οι.
1160 3189 1180 3239 2
1192 3186 1217 3239 D

127 3269 129 3273 ’
203 3255 240 3324 μὴ
259 3272 310 3311 om.
326 3256 360 3309 N.
381 3287 415 3297 -
436 3263 469 3311 18
487 3258 592 3326 ἀπιστῇ
611 3255 631 3310 C
655 3257 681 3311 εἰ
718 3265 812 3311 πιοτεῑ
827 3256 879 3310 RV
888 3255 984 3325 Chrys.

274 3401 292 3448 8
311 3396 378 3451 Ροετ
395 3395 508 3451 πόλεσιν
526 3398 586 3452 αλια
604 3398 669 3451 αδδ.
687 3396 709 3449 Ρ
727 3358 838 3452 mim
855 3397 968 3452 edenda.
993 3428 1027 3437 —
1052 3403 1085 3451 10
1103 3399 1215 3468 διηγου·

203 3464 287 3590 μένης
304 3466 369 3533 περὶ
382 3473 436 3555 τῆς
454 3465 557 3534 σοφίας
579 3468 628 3521 καὶ
646 3468 778 3536 λεγούσης
796 3468 825 3521 Ρ.
844 3498 884 3556 1-
909 3473 942 3520 17
961 3468 984 3520 Ρ
1001 3469 1081 3521 αδδ.-
1104 3468 1153 3522 καλ
1175 3466 1217 3531 οἷς

203 3534 531 3674 όΑξαὲηοςΒίζουῑομρίτους
553 3538 594 3598 εἰς
611 3537 660 3591 τόν
679 3537 771 3592 αἰῶνα
788 3557 934 3607 τετηρηται
952 3537 1013 3608 (Ep.
1033 3538 1097 3592 Jud.
1113 3544 1155 3592 13.
1180 3542 1214 3606 cf.
