2617 3909
529 246 720 298 Χεοωωεοα
1064 247 1129 311 407

113 394 263 455 λύσουσιν
291 392 400 468 αύτούς
426 392 477 455 καὶ
503 394 690 455 κακώσουσιν
713 394 762 473 ἔτη
784 392 825 455 υ’.
871 394 904 456 τδ
928 392 959 467 δὲ
982 395 1082 476 ἔθνος,
1106 384 1130 481 ᾧ

115 490 169 553 ἐὰν
201 492 414 573 δουλεύσωσιν,
446 501 537 573 κρινῶ
570 490 640 573 ἐγώ,
673 485 754 553 εἶπεν
781 491 798 555 ό
825 492 906 567 θεός.
951 494 1069 578 τετάρτη
1098 492 1130 557 δὲ

115 596 202 673 γενεᾷ
225 588 392 652 ἐλεύσονται
415 581 472 651 ὧδε
495 588 566 669 μετὰ
588 588 757 669 ἀποσκευῆς
778 594 897 670 πολλῆς.
942 590 1009 673 περί
1029 590 1060 654 δὲ
1078 602 1131 671 τῆς

115 684 253 767 δευτέρας
281 687 375 767 φησὶν
400 681 549 769 Ἱερεμίας·
582 688 677 761 ούτως
703 682 766 749 εἶπε
794 689 909 771 κύριος·
943 690 1014 751 ὅταν
1041 688 1129 774 μέλλη

113 790 307 867 πληροῦσθαι
324 795 360 871 τῇ
378 788 537 866 Βαβυλῶνι
555 782 584 846 0'
603 785 663 865 ἔτη,
687 784 884 865 ἐπισκέψομαι
901 786 980 867 ὑμᾶς
997 786 1048 849 καὶ
1066 787 1129 849 ἐπι·
1157 816 1169 855 5

112 883 212 961 στήσω
236 878 284 962 ἐφ’
305 882 384 963 ὑμᾶς
406 882 475 958 τούς
497 882 633 965 ἀγαθούς
660 882 768 965 λόγους
790 907 849 963 μου
871 894 924 947 τού
947 884 1131 967 ἀποστρέψαι

114 981 159 1053 εἰς
182 980 234 1042 τὸν
252 982 344 1043 τόπον
364 990 480 1062 τούτου,
502 979 553 1043 καλ
571 980 736 1063 ἐπιστρέψω
754 981 810 1061 τήν
828 983 1027 1064 αἰχμαλωσίαν
1045 982 1131 1063 ὑμῶν

112 1077 166 1139 καὶ
189 1077 323 1161 ἀθροίσω
346 1078 423 1159 ὑμᾶς
446 1079 479 1141 ἐκ
501 1088 561 1140 τῶν
579 1078 680 1141 ἐθνῶν
698 1080 818 1141 πάντων
836 1080 887 1143 καὶ
904 1080 937 1142 ἐκ
954 1092 1013 1143 τῶν
1031 1081 1131 1145 τόπων

113 1175 201 1256 ὑμῶν
228 1178 362 1259 πάντων,
390 1172 427 1240 ού
455 1175 604 1257 διέσπειρα
631 1176 709 1255 ὑμᾶς
736 1177 808 1258 ἐκεῖ,
839 1178 915 1258 φησὶ
936 1180 1054 1263 κύριος,
1081 1178 1132 1241 καλ

113 1273 281 1357 ἐπιστρέψω
305 1274 382 1355 ὑμᾶς
405 1276 447 1350 εἰς
469 1276 521 1338 τὸν
543 1274 645 1355 τόπον,
669 1274 743 1336 ὅθεν
761 1273 894 1359 ἀπῴκισα
911 1276 989 1357 ὑμᾶς
1007 1277 1130 1339 ἐκεῖθεν.
1145 1306 1172 1345 10

115 1373 172 1434 δύο
196 1372 295 1451 μέντοι
317 1374 425 1448 ταύτας
448 1374 583 1445 δουλείας
601 1370 617 1433 ό
635 1372 723 1454 λόγος
745 1372 796 1433 διὰ
818 1374 978 1453 συντομίας
1000 1373 1131 1447 ἀπέδειξε

115 1469 189 1550 μετδι
214 1472 395 1552 προφητείας
422 1471 606 1543 ἐπελθούσας
633 1469 748 1551 αύτοῖς,
775 1469 826 1531 καλ
852 1471 907 1553 ούχ
933 1470 1034 1547 ἀπλῶς
1060 1470 1131 1535 οὐδὲ

114 1566 352 1648 ἀπροσδοκήτως.
397 1570 523 1631 λείπεται
546 1568 585 1648 δή
608 1560 665 1630 ούν
687 1569 792 1631 λοιπὸν
813 1569 868 1649 τήν
895 1572 996 1652 τρίτην
1018 1570 1127 1653 ἐπαγα-
1140 1600 1179 1642 305
1193 1602 1223 1641 Μ

113 1671 194 1748 γεῖν,
223 1661 284 1728 είτα
312 1666 363 1729 καὶ
394 1666 461 1748 περὶ
487 1676 540 1747 τῆς
565 1676 624 1728 νῶν
651 1667 788 1749 τετάρτης
817 1669 995 1750 κατεχούσης
1022 1668 1132 1742 αύτούς

114 1765 209 1826 εἰπεῖν
236 1764 286 1826 καὶ
313 1766 406 1839 δεῖξαι
434 1774 552 1845 σαφῶς,
583 1765 663 1838 ὅπως
690 1763 760 1826 ούδὲ
788 1760 829 1839 εἷς
856 1766 1013 1847 προφήτης
1040 1766 1130 1849 ἐπηγ-
1145 1797 1170 1835 15

113 1863 229 1944 γείλατο
257 1863 342 1925 λύσιν
368 1863 491 1925 ἔσεσθαί
515 1886 581 1924 τινα
603 1871 663 1923 τῶν
685 1864 866 1944 κατεχόντων
889 1864 999 1939 αύτούς
1020 1876 1131 1945 κακῶν,

115 1958 184 2022 οὔτε
208 1960 268 2041 μήν
290 1960 463 2043 ἀπαλλαγήν
486 1961 518 2023 τὸ
542 1961 678 2022 σύνολον.

187 2060 238 2133 Τίς
256 2050 312 2121 ούν
335 2058 413 2120 ἐστιν
432 2057 451 2139 ή
470 2059 567 2139 τρίτης
590 2055 610 2137 ή
634 2056 682 2119 ἐπί
698 2053 848 2140 Ἀντιόχου
867 2069 920 2122 τοῦ
935 2056 1130 2139 Ἐπιφανοῦς.

114 2156 217 2236 ἐπειδή
241 2156 296 2239 γάρ
316 2150 505 2239 Ἀλέξανδρος
525 2155 540 2219 ὁ
560 2155 752 2217 Μακεδόνων
774 2157 911 2236 βασιλεύς
929 2163 1057 2240 Δαρεῖον
1080 2159 1131 2220 τὸν
1221 2191 1223 2196 v

114 2258 243 2337 Περσῶν
265 2253 387 2336 βασιλέα
408 2252 546 2316 καθελὼν
569 2254 611 2328 είς
633 2252 739 2315 ἑαυτὸν
762 2252 928 2333 περιέστησε
951 2256 1006 2335 τὴν
1027 2254 1130 2339 ἀρχήν,
1145 2284 1171 2323 20

114 2352 340 2431 τελευτήσαντος
367 2353 472 2415 τούτου
500 2350 635 2433 τέσσαρες
662 2345 723 2430 μετ’
744 2349 858 2413 ἐκεῖνον
885 2351 1019 2435 ἐγένοντο
1046 2355 1131 2435 βασι-

114 2456 187 2530 λεῖς,
205 2445 266 2511 είτα
284 2450 313 2524 ἐξ
333 2450 400 2524 ένδς
417 2460 476 2511 τῶν
493 2450 641 2531 τεσσάρων
659 2448 772 2509 τούτων
784 2450 943 2531 γενόμενος
956 2449 972 2513 ό
984 2447 1132 2533 Ἀντίοχος

115 2547 189 2629 μετὰ
211 2547 307 2609 πολύν
330 2550 452 2630 ύστερον
474 2547 582 2630 χρόνον
599 2547 632 2609 τό
651 2568 681 2606 τε
704 2546 784 2628 ἱερὸν
802 2546 943 2630 ἐνέπρησε
961 2550 997 2610 τά
1014 2573 1044 2611 τε
1062 2551 1132 2632 ἀγια

114 2655 176 2707 τῶν
203 2644 296 2728 ἀγίων
322 2644 461 2727 ήρήμωσε
488 2646 540 2719 τάς
566 2668 595 2707 τε
623 2645 734 2717 θυσίας
760 2651 879 2708 καθεῖλε
906 2648 976 2721 τούς
1002 2671 1032 2709 τε
1056 2641 1131 2709 Ἰου-

115 2744 222 2817 δαίους
248 2742 371 2817 ύπέταξε
398 2743 448 2805 καλ
474 2743 530 2823 τήν
556 2743 706 2805 πολιτείαν
733 2742 832 2805 αύτῶν
859 2744 996 2807 κατέλυσε
1023 2756 1131 2807 πᾶσαν.
1146 2773 1171 2813 25

190 2929 277 2979 3-10
297 2923 391 2993 Chrys.
408 2925 468 2979 adv.
484 2924 654 2993 Judaeosv‚
669 2926 840 2999 affigam.
855 2930 974 2992 48,891.
989 2908 1059 2979 -ἰ
1075 2925 1130 2979 Jer.

116 3000 151 3049 29
161 2996 226 3066 (36),
238 3001 285 3062 10;
296 3001 337 3049 14.
349 3028 383 3036 -
400 3002 495 3067 ll-p.
507 3002 593 3065 411,9
610 2995 705 3065 chrys.
716 3002 751 3055 ib.
762 3018 802 3069 ep.
813 3004 829 3052 6
844 3002 894 3053 et'l
908 2997 1004 3067 Migne
1018 3001 1130 3066 8938qq.

191 3138 349 3192 1αύτδΒΡ
361 3138 422 3192 Chr.
434 3137 614 3195 -ὃΑΟΙιΜ,
625 3148 686 3195 -2
699 3140 970 3197 δουλεύσουσιῦδδ.
981 3138 1068 3193 -9δ
1082 3139 1131 3192 κύ-

117 3228 178 3276 ριος
187 3208 254 3264 MR.
265 3240 299 3249 —
315 3214 348 3264 10
363 3210 499 3279 ἀτάκησα
508 3211 589 3265 ΑΒΝ
593 3212 622 3266 P.
635 3245 669 3253 -
685 3219 718 3267 13
732 3213 767 3283 δὴ
782 3230 832 3269 om.
843 3212 909 3266 ΒΜ.
920 3244 954 3252 -
968 3210 1067 3265 λοιπόν
1080 3210 1131 3279 τὴν

117 3298 169 3335 om.
185 3280 210 3334 V
233 3281 332 3334 λοιπὸν
347 3298 396 3335 ουν.
412 3281 491 3335 LNR
504 3289 569 3351 post
582 3283 734 3355 ἐπαγαγεῖν
747 3288 800 3340 ι’κε.
815 3284 846 3337 Β.
862 3315 895 3323 -
915 3288 949 3336 14
962 3280 1133 3353 κατεχούσης

116 3352 221 3414 αύτούς
233 3352 365 3421 τετάρτης
373 3352 431 3406 BL.
442 3384 477 3393 -
488 3359 520 3407 18
532 3352 577 3408 ἐπ’
589 3355 645 3409 AB.
656 3388 691 3396 -
702 3361 735 3409 19
746 3356 761 3411 δ
773 3364 829 3413 τῶν
843 3374 907 3423 μανι.
917 3356 978 3425 βασ.
986 3350 1060 3406 AcF
1068 3351 1130 3406 chr.

118 3422 134 3478 δ
154 3424 283 3493 μακεδὼν
300 3422 332 3478 Β.
352 3454 387 3463 -
407 3429 494 3477 11120
512 3425 561 3479 τὸν
581 3428 645 3495 (τῶν
664 3426 704 3495 Μ)
722 3436 832 3495 περσῶν
850 3424 965 3497 βασιλέα
982 3422 1062 3477 ANP
1082 3422 1131 3475 τὸν

119 3494 235 3565 βασιλέα
253 3504 309 3550 τῶν
328 3496 393 3565 (τῶν
412 3512 461 3550 om.
477 3496 509 3565 F)
528 3506 638 3565 περσῶν
657 3499 718 3553 rell.
738 3500 797 3568 (τὸν
815 3506 871 3551 τῶν
883 3499 919 3549 Π.
934 3498 996 3567 βασ.
1012 3493 1093 3560 obn).

190 3636 205 3683 5
226 3629 271 3699 έτη
292 3626 319 3683 α’
334 3628 363 3684 P.
