2617 3909
195 242 260 306 408
509 245 696 297 Γεαεειοκ
714 246 897 298 Μοαλκοκ

194 390 244 452 καί
276 400 366 467 ταῦτα
397 392 494 452 στάντα
526 392 597 471 μετὰ
628 392 778 473 ἀκριβείας
810 391 927 472 ἀπάσης
953 391 1004 453 καλ
1031 390 1113 473 μέχρι
1141 402 1214 471 μιᾶς

194 487 305 569 ήμέρας
327 490 541 572 προηγορεόετο
564 489 645 574 παρὰ
667 500 721 552 τοῦ
743 492 870 572 Δανιήλ,
893 490 943 552 καὶ
965 490 1034 553 τιότε
1057 491 1138 553 έσται
1160 489 1214 551 καὶ

194 597 258 661 πῶς
285 586 335 648 καὶ
362 586 442 669 παρὰ
466 582 525 648 τίνι
547 587 597 649 καλ
619 589 677 650 τίνι
699 589 797 675 τρόπῳ
821 588 872 651 καλ
893 598 953 651 ιιοῦ
976 588 1138 667 τελευτήσει
1160 588 1213 650 καὶ

194 686 272 747 τίνα’
284 684 410 764 λήψεται
433 685 605 766 μεταβολήν.
647 686 762 749 εἴσεσθε
784 686 817 749 δέ
835 685 1014 768 σαφέστερον
1031 685 1214 760 ἀκούσαντες

167 783 287 863 οαάτής
313 791 366 862 τής
394 780 536 866 ὁράσεως,
563 781 603 863 ἣν
631 784 681 845 διὰ
707 787 880 867 παραβολῆς
906 782 980 864 ήμῐν
1006 784 1024 847 ό
1051 783 1212 867 προφήτης

194 880 375 961 ἀνήγγειλεν,
398 880 483 963 κριὸν
506 879 560 961 μὲν
581 887 681 943 καλῶν
702 882 754 945 τὸν
776 892 836 944 τῶν
857 888 982 965 Περσῶν
1005 881 1126 963 βασιλέα
1147 886 1211 943 Aa·

194 983 284 1059 ρεῖον,
307 976 469 1060 τράγονδέ
492 979 544 1039 τὸν
566 989 625 1041 τῶν
638 974 792 1059 Ἑλλήνων
810 979 931 1061 βασιλέα
946 976 1139 1062 Ἀλέξανδρον
1157 979 1212 1041 τὸν

194 1076 368 1139 Μακεδόνα.
406 1075 530 1158 τέσσαρα
553 1075 584 1138 δὲ
607 1076 714 1160 κέρατα
735 1077 810 1160 λέγει
832 1077 903 1151 τοὺς
921 1074 982 1157 μετ’
1003 1077 1117 1140 ἐκεῖνον
1134 1076 1211 1138 ἀνα-

195 1175 328 1255 στάντας,
346 1170 401 1253 ἀφ’
418 1167 460 1236 ὧν
478 1176 600 1257 ὕστερον
618 1174 705 1256 κέρας
723 1175 812 1250 αὐτὸς
830 1175 847 1239 ό
863 1172 1010 1257 Ἀντίοχος
1027 1177 1095 1255 έφν.
1133 1176 1211 1255 φησὶ

155 1294 181 1333 10
194 1273 262 1354 γάρ’
295 1267 376 1334 είδον
402 1272 436 1335 έν
468 1271 605 1356 ὁράματι,
634 1273 685 1336 καί
713 1273 780 1336 ίὸοά
807 1274 890 1357 κριὸς
916 1268 959 1348 εἷς
985 1274 1127 1354 ἑστηκώς,
1159 1273 1211 1335 καὶ

194 1370 273 1456 αὐτῷ
292 1369 398 1453 κέρατα
419 1370 534 1451 ὑψηλά,
557 1370 607 1433 καί
624 1372 658 1434 τὸ
675 1373 714 1433 ’έν
732 1372 919 1454 ὑψηλότερον
936 1382 989 1433 τοῦ
1008 1372 1115 1455 ἑτέρον.
1159 1371 1210 1433 καλ

194 1470 226 1530 τὸ
249 1469 370 1547 ὑψηλὸν
393 1468 549 1549 ἀνέβαινεν
572 1465 617 1530 ἐπ’
639 1468 776 1550 ἐσχάτων.
821 1469 872 1531 καὶ
889 1465 971 1531 εἶδον
989 1470 1041 1531 τὸν
1058 1470 1143 1550 κριὸν
1162 1493 1211 1531 κε-

194 1568 346 1647 ρατίζοντα
377 1566 451 1627 κατὰ
483 1567 638 1627 θάλασσαν
670 1566 721 1628 καί
747 1570 859 1649 βορρᾶν
886 1566 936 1629 καί
962 1569 1065 1647 νότον,
1097 1567 1147 1629 καὶ
1174 1568 1211 1628 τὰ

194 1663 289 1743 θηρία
320 1664 417 1724 πάντα
449 1664 486 1726 οά
513 1664 646 1742 στήσεται
674 1663 802 1725 ένώτιιον
829 1664 937 1746 αὐτοῦ,
964 1665 1015 1727 καὶ
1042 1665 1098 1728 οὐκ
1124 1658 1164 1745 ήν
1192 1664 1209 1728 ὅ

155 1782 180 1822 15
195 1759 402 1842 ἐξαιρούμενος
424 1761 456 1823 ἐκ
478 1761 573 1843 χειρὸς
596 1762 704 1842 αὐτοῦ,
726 1761 776 1823 καὶ
799 1762 917 1843 ἐποίησε
940 1764 1014 1825 κατὰ
1035 1764 1068 1826 τὸ
1091 1762 1211 1843 θέλημα

194 1858 287 1920 αὐτοῦ
314 1856 364 1919 καὶ
391 1858 587 1940 έμεγαλόνθη.
632 1860 688 1939 τήν
716 1861 845 1940 δύναμιν
871 1861 946 1943 λέγει
967 1862 1023 1942 τήν
1046 1862 1210 1943 Περσικήν,

193 1954 213 2035 ή
237 1966 335 2017 πᾶσαν
358 1955 501 2039 ἐπέδραμε
522 1955 577 2036 τήν
595 1967 661 2039 γῆν.
698 1952 760 2019 εἶτα
778 1958 845 2041 περὶ
863 1970 915 2021 τοῦ
934 1960 1115 2034 Μακεδόνος
1130 1956 1210 2021 Ἀλε-

194 2054 324 2136 ξάνδροο
348 2053 553 2135 διαλεγόμενός
576 2072 682 2134 φησιν·
706 2054 755 2117 καὶ
779 2057 846 2118 ἰδοὺ
869 2059 975 2143 τράγος
993 2058 1087 2140 αίγῶν
1105 2057 1209 2140 ήργετο

96 2175 136 2217 οοο
149 2174 179 2214 Μ.
194 2152 252 2214 ἀπὸ
276 2151 358 2233 λιβὸς
381 2151 429 2214 έτιλ
452 2154 612 2234 πρόσωπον
634 2154 732 2233 τιάσης
755 2163 808 2234 τῆς
830 2165 895 2237 γῆς,
918 2154 968 2217 καὶ
987 2156 1043 2217 οὐκ
1061 2148 1100 2235 ήν
1118 2154 1210 2217 ἀπτό-

154 2274 180 2313 ιο
194 2274 282 2331 μενος
309 2262 361 2330 τῆς
388 2261 457 2333 γῆς,
485 2250 535 2312 καὶ
562 2258 601 2337 τῷ
620 2252 717 2335 τράγῳ
740 2252 841 2338 ἐκείνῳ
864 2252 951 2336 κέρας
973 2253 1126 2335 έθεωρεῑτο
1150 2252 1210 2315 ἀνά

195 2348 284 2429 μέσον
307 2358 366 2410 τῶν
389 2347 557 2428 ὀφθαλμῶν
578 2347 679 2411 αὐτοῦ.
725 2344 787 2411 εἶτα
805 2349 897 2432 λέγων
914 2350 970 2429 τήν
987 2351 1062 2433 πρὸς
1080 2356 1210 2431 Δαρεῖον

194 2446 347 2526 συμβολήν
375 2445 468 2507 αὐτοῦ
498 2446 697 2528 γεγενημένην
724 2446 774 2508 καί
796 2448 851 2527 τήν
877 2448 951 2509 κατὰ
977 2449 1083 2531 κράτος
1106 2449 1208 2528 νίκην·

193 2538 297 2625 ήλθεν,
321 2546 425 2625 φησίν,
449 2542 465 2605 ό
488 2546 594 2627 τράγος
616 2544 671 2618 ἕως
694 2554 748 2607 τοῦ
770 2556 856 2628 κριοῦ
878 2556 931 2608 τοῦ
949 2546 985 2607 τά
1002 2546 1108 2629 κέρατα
1125 2547 1209 2627 έχον-

193 2666 252 2724 τος,
276 2641 326 2703 καὶ
348 2641 487 2725 ήγριάθη
511 2642 561 2703 καί
584 2643 683 2705 έτιαισε
706 2643 758 2704 τὸν
780 2644 865 2727 κριὸν
887 2644 937 2706 καί
956 2644 1132 2726 συνέτριψεν
1151 2643 1208 2725 ἀμ-

154 2763 179 2803 κε
194 2741 304 2824 φότερα
335 2740 370 2801 τά
399 2738 506 2820 κέρατα
532 2740 639 2821 αὐτοῦ,
671 2740 722 2803 καὶ
749 2741 806 2803 οὐκ
831 2734 871 2822 ήν
898 2740 914 2803 ὁ
941 2743 1149 2824 ἐξαιρούμενος
1175 2743 1208 2805 ἐκ
1302 2763 1303 2774 ’

193 2840 291 2921 χειρὸς
310 2838 411 2900 αὐτοῦ,
453 2838 552 2899 έιιειτα
574 2839 771 2920 διηγούμενος
789 2840 845 2919 τήν
860 2836 1052 2921 Ἀλεξάνδρου
1071 2841 1207 2920 τελευτήν
1302 2885 1303 2918 ,

192 2937 242 2999 καὶ
265 2937 319 3017 τήν
342 2947 402 2999 τῶν
420 2937 567 3017 τεσσάρων
585 2936 730 3019 βασιλέων
749 2937 892 3019 διαδοχήν
909 2938 1010 3019 έτιάγει
1028 2937 1133 3021 λέγων·
1157 2936 1207 2999 καὶ

265 3122 298 3172 10
317 3116 387 3171 Dan.
408 3122 520 3186 8‚3;4.
542 3150 574 3159 -
601 3124 633 3171 18
652 3118 723 3173 Dan.
743 3124 812 3187 8,ό.
833 3151 866 3159 -
890 3125 924 3172 23
943 3119 1103 3187 Dan.8‚6;
1124 3123 1147 3171 7.
1171 3150 1208 3159 -

192 3196 226 3243 27
245 3188 315 3244 Dan.
331 3193 356 3256 8,
371 3192 395 3242 8.

264 3346 313 3394 23
332 3341 381 3395 καὶ
398 3350 458 3403 πῶς
476 3358 525 3395 om.
542 3340 596 3395 OF.
617 3372 650 3381 -
670 3347 687 3394 4
706 3340 816 3396 εἴσεσθε
829 3341 888 3394 ΕΜ
907 3342 1003 3396 ἔσεσθε
1021 3341 1044 3394 Β
1067 3340 1164 3395 λ’σεσθε
1182 3348 1208 3397 et

192 3410 305 3466 ίσεσθαι
322 3412 383 3466 rell.
408 3446 442 3453 -
466 3418 481 3465 ‘1
502 3412 545 3483 δὲ]
568 3431 597 3466 τε
616 3412 674 3465 ΒΡ.
699 3444 732 3451 -
756 3411 870 3483 βασιλέα
893 3411 1065 3481 ἀλέξανδρον
1082 3411 1133 3465 ΒΡ
1143 3411 1206 3465 Chr.

193 3480 363 3553 ἀλέξανδρον
381 3482 496 3555 βασιλέα
514 3482 574 3537 rell.
599 3514 632 3524 -
659 3489 691 3535 13
710 3484 816 3553 βορρᾶν
839 3484 888 3537 καλ
910 3481 974 3555 λίβα
997 3484 1046 3537 καλ
1068 3480 1152 3537 νότον
1170 3482 1205 3535 N.

193 3584 226 3593 -—
247 3559 279 3608 16
299 3554 385 3625 λέγων
404 3555 458 3608 FR.
479 3586 513 3594 -
538 3559 570 3606 1‘1
590 3548 607 3619 ή
627 3553 701 3606 ALV
723 3550 796 3621 ἢΜ.
816 3586 850 3594 -
875 3559 907 3607 19
926 3555 975 3607 καλ
996 3554 1136 3607 οὐκ-20
1156 3561 1208 3623 γῆς

192 3640 242 3679 om.
257 3625 292 3678 N.
312 3658 346 3666 -
366 3631 398 3677 22
419 3624 575 3696 συμβουλήν
594 3623 657 3677 MP.
678 3656 713 3663 -
730 3622 882 3693 γενομένην
900 3624 1055 3679 ABMchr.
