2617 3909
531 225 721 277 XPONIKON
1071 224 1136 289 605

122 372 234 452 ’πλήθει
251 381 304 450 τής
321 371 433 445 πόλεως
450 371 632 445 ύινυττόδετος
650 371 815 434 έλιτσίνευεν
832 372 881 435 ἐπὶ
893 372 1003 446 πολλὰς
1016 370 1137 456 ἡμέρας,

122 470 155 532 έν
182 464 230 544 αίς
255 469 467 532 λιτανευύντων
495 468 594 531 αύτῦν
621 468 733 551 συνέβη
760 472 882 532 παιδίον
909 468 1078 552 ύρπαγήναι
1104 471 1137 533 ἐκ

120 577 175 631 τοῦ
202 572 276 629 λαοῦ
308 566 358 629 καί
390 573 548 647 μυηθῆναι
574 562 628 629 ὑπ’
653 566 808 650 σἰγγελικής
834 592 915 643 τινος
947 570 1137 643 διδασκαλίας

121 666 173 729 τόν
195 666 347 748 τρισύγιον
369 666 473 745 ύμνον.
519 676 572 727 τοῦ
596 664 627 727 δὲ
650 668 774 728 παιδίου
796 664 1000 741 ἀπολυθέντος
1026 665 1076 727 καλ
1102 667 1135 729 τὸ

122 760 242 843 μυηθέν
265 762 504 845 ἀπαγγείλαντος,
527 763 685 826 καὶτοῦτο
709 760 770 844 μετ’
791 764 884 827 αύτοῦ
903 765 1135 860 μελῳδησύντων
1163 786 1175 826 ο

120 872 180 924 τῶν
208 860 316 942 ὄχλων,
343 863 509 943 παραυτίκα
535 862 680 925 ἐκόπασεν
702 860 722 942 ή
745 862 850 943 ἀπειλή
877 872 931 925 τοῦ
957 869 1041 925 θεοῦ.
1086 862 1137 924 καί

117 954 248 1032 Ἀττικός
266 958 425 1033 ἐπίσκοπος
437 960 781 1035 Κωνσταντινουπύλεως
793 955 939 1023 Ἰουδαῖύν
957 984 1023 1022 τινα
1040 961 1135 1041 παροί-

120 1062 213 1119 λυτον
243 1057 429 1136 νουθετήσας
460 1052 522 1120 είτα
553 1058 698 1137 βαπτίσας
726 1057 796 1140 ύγιή
823 1058 997 1139 παραδόξως
1024 1058 1057 1121 έκ
1083 1068 1136 1138 τής

120 1154 336 1237 κολυμβήθρας
358 1153 515 1237 ἀνήγαγεν.
552 1153 639 1234 καλή
659 1158 741 1235 τρίτη
763 1154 864 1237 γέγονε
882 1156 1010 1228 σύνοδος
1026 1165 1086 1217 τῶν
1105 1153 1135 1218 σ’

120 1251 255 1335 πατέρων
277 1252 310 1315 έν
330 1247 447 1338 ’Ἐφέσῳ
469 1252 543 1314 κατὰ
565 1255 739 1334 Νεστορίου.
1150 1274 1188 1315 το

193 1352 281 1432 Τρίτη
304 1351 431 1425 σύνοδος
453 1350 573 1433 γέγονεν
597 1351 629 1414 έν
648 1346 765 1437 Ἐφέσῳ
793 1356 980 1413 συνελθοῦσα
1007 1349 1040 1411 τό
1062 1351 1135 1431 πρύ-

120 1472 206 1530 τερον
229 1445 261 1508 σ’
278 1446 411 1531 πατέρων
434 1448 490 1511 έτει
514 1458 567 1529 τῆς
592 1450 755 1512 Θεοδοσίου
782 1458 835 1511 τοῦ
857 1458 965 1530 μικροῦ
987 1451 1135 1530 βασιλείας

120 1547 191 1608 υίοῦ
207 1540 365 1629 Ἀρκαδίσυ
389 1543 441 1627 ιγ’,
463 1539 500 1625 ής
523 1544 651 1629 ήγοῦυτο
674 1546 821 1629 Κύριλλος
835 1541 1054 1629 Ἀλεξανδρείας
1076 1545 1136 1608 διέ-

120 1665 187 1705 πων
218 1644 268 1705 καί
299 1643 351 1706 τὸν
383 1644 475 1706 τόπον
500 1647 678 1707 Κελεστίυου
709 1654 763 1707 τοῦ
784 1640 911 1727 Ῥώμης,
941 1640 1135 1726 Ἰουβενύλως

115 1736 338 1823 Ἱεροσολύμων,
356 1741 429 1803 κατδι
438 1744 603 1824 Νεστορίου
616 1743 780 1806 ἐπισκόπου
793 1746 1135 1817 Κωνσταντινουπόλεως
1149 1764 1174 1804 15

120 1838 267 1921 παρόντος
289 1839 339 1901 καί
362 1839 454 1902 αύτσῦ
477 1840 509 1903 έν
524 1834 651 1928 Ἐφέσῳ,
675 1840 809 1924 λέγοντος
832 1840 872 1922 μή
892 1836 969 1903 εἶναι
991 1840 1135 1903 θεοτύκον

120 1936 176 2017 τήν
203 1936 290 2019 ύγίαν
317 1939 458 2019 Μαρίαν,
485 1936 558 2000 ἀλλὰ
584 1940 785 2021 χριστοτόκον,
812 1938 863 2000 καλ
890 1940 945 2001 δύο
973 1938 1060 2011 υἱούς
1086 1937 1135 2000 έπλ
1148 1960 1188 2001 σοο
1201 1962 1232 2001 M.

120 2044 174 2097 τοῦ
201 2034 267 2110 ἑνὸς
289 2039 421 2117 Χριστοῦ
447 2045 500 2097 τοῦ
527 2043 604 2099 θεοῦ
631 2041 874 2118 μυθολογοῦντος
899 2035 951 2097 καί
978 2036 1032 2097 δύο
1059 2035 1135 2097 ύττο-

120 2133 248 2213 στύσεις,
275 2132 326 2194 καλ
348 2131 437 2195 ύλλον
460 2132 514 2213 μέν
536 2129 613 2196 εἶναι
635 2135 688 2197 τὸν
709 2134 799 2215 λόγον
820 2134 873 2196 τὸν
895 2134 928 2196 ἐκ
949 2142 1003 2195 τοῦ
1025 2134 1135 2216 πατρὸς

120 2230 319 2312 γεννηθέντα,
346 2229 444 2310 ἕτερον
467 2228 499 2293 δέ
521 2230 573 2293 τὸν
596 2231 629 2292 ἐκ
650 2232 776 2312 Μαρίας
798 2230 937 2312 τεχθέντα
958 2228 1134 2312 ἄνθρωπον,
1147 2255 1175 2295 το

162 2406 279 2526 816ῖ710
298 2401 348 2455 Th.
368 2402 416 2456 L?
439 2403 474 2471 cf.
494 2400 584 2458 cram.
603 2402 655 2457 An,
675 2402 714 2471 Π,
729 2408 772 2471 99,
787 2408 820 2457 33
839 2402 905 2458 Exo.
925 2403 988 2457 Bar.
1008 2402 1133 2472 Theoph.

116 2489 146 2542 p,
198 2514 206 2540 ,
257 2515 262 2526 .

193 2610 207 2659 1
223 2603 396 2670 ἀννπόδετος
407 2606 539 2661 LMPRV
552 2604 731 2677 ἀνυπόδητος
745 2606 824 2662 0οΕ
843 2606 1048 2671 ἀνυπόδιτοςΑ
1064 2609 1133 2662 ἀνυ-

119 2673 243 2741 πόδυτος
255 2677 276 2730 Ε
290 2674 468 2741 ἀνυποδίτως
481 2678 512 2732 Β.
527 2710 562 2719 -
576 2685 624 2734 23
639 2679 670 2733 ἐκ
683 2687 734 2734 τοῦ
748 2681 817 2734 λαοῦ
831 2679 1025 2750 ἁρπαγήναιῦ
1040 2680 1070 2734 ἐκ
1083 2687 1134 2734 τοῦ

121 2752 192 2802 λαοῦ
206 2765 256 2803 om.
272 2749 304 2802 A.
320 2780 353 2789 —
368 2755 385 2801 3
399 2754 564 2820 μηνυθήναι
577 2750 635 2805 ΒΡ.
651 2781 684 2790 -
700 2756 716 2803 ὅ
731 2751 858 2821 μηνυθὲν
872 2751 903 2805 Β.
919 2783 953 2792 -
968 2757 984 2805 8
999 2746 1071 2821 εἶτα]
1085 2750 1135 2804 καὶ

119 2818 195 2873 ΕΙιΡ.
209 2851 245 2861 -
265 2824 299 2876 10
316 2820 389 2874 κατὰ
407 2819 551 2888 νεστορίου
569 2838 620 2877 σοι.
635 2821 668 2875 R.
684 2853 718 2862 —
737 2824 805 2878 Post
817 2820 973 2891 Νεστορίου
987 2821 1036 2874 ΑΒ
1054 2821 1134 2875 add..-

119 2891 177 2945 ἀπὸ
201 2898 270 2961 γοῦν
287 2897 337 2959 της
351 2890 384 2983 β’
400 2890 451 2956 ίως
472 2899 522 2961 τῆς
542 2889 635 2962 τρίτης
659 2891 780 2949 συνόδου
800 2896 869 2962 (συν.
889 2910 940 2947 om.
954 2892 988 2963 B)
1007 2893 1053 2962 ἔτη
1072 2890 1132 2961 μα’.

119 2969 145 3018 et
162 2963 194 3017 ι’νι
211 2979 263 3033 κιρ.
282 2963 308 3016 A
326 2964 446 3026 σύνοδος
467 2962 505 3034 γ’.
538 2964 649 3020 Similia
667 2965 699 3019 ιἰτ
716 2982 767 3037 κιρ.
782 2964 860 3017 ELN
878 2972 903 3019 et
919 2980 990 3017 τοοσ.
1009 2962 1133 3016 nonnul-

119 3032 218 3087 lorum.
237 3064 273 3073 -
292 3038 324 3088 11
344 3033 466 3105 τρίτη-
476 3034 506 3091 έν
519 3032 627 3104 Ἐφέσω
646 3052 696 3091 ουτ.
714 3034 734 3089 (λ
757 3033 834 3105 τρίτη
844 3067 878 3075 -
888 3036 919 3090 ἐν
930 3031 963 3088 Ἐ
987 3031 1040 3088 έσω
1057 3041 1084 3089 τί
1101 3032 1131 3087 σ’

119 3103 248 3172 πατέρων
262 3122 312 3160 om.
328 3104 379 3161 RV
395 3090 646 3176 τρίτη-πατέρων
660 3124 710 3161 σοι.
725 3106 778 3161 PL.
796 3137 832 3146 -
850 3105 868 3174 ή
884 3107 915 3160 δέ
928 3055 1006 3175 τρίτη
1020 3090 1083 3160 ΕΝ.
1098 3137 1132 3146 -

120 3176 240 3239 σύνοδος
253 3193 303 3231 om.
318 3176 374 3232 AB.
390 3209 425 3218 -
438 3178 470 3233 τδ
485 3194 536 3234 om.
550 3178 607 3233 ΑΒ.
623 3209 658 3219 -
673 3183 705 3232 12
721 3178 761 3233 ἔτι
775 3177 833 3232 AV.
849 3208 882 3217 -
898 3183 931 3230 14
945 3185 995 3231 τοῦ
1009 3194 1059 3233 σοι.
1074 3176 1131 3231 ΙιΝ.

192 3324 208 3372 2
223 3319 317 3374 αὐτῶν
329 3337 380 3375 σοι.
389 3319 420 3374 P.
432 3352 465 3361 -
480 3319 667 3390 ἁρπαχθήναι
675 3319 706 3374 P.
718 3351 751 3359 —
762 3324 831 3372 4-'1
842 3319 891 3374 καί
904 3318 990 3374 πάλιν
1004 3319 1133 3388 ἐπιστρα-

123 3390 225 3460 φέντος
243 3389 274 3443 έκ
287 3400 337 3445 τοῦ
351 3390 434 3458 ἀέρος
446 3399 496 3445 τοῦ
510 3390 628 3447 παιδίου
646 3391 697 3445 καὶ
711 3391 743 3446 τδ
757 3391 867 3460 μυηθέν
881 3391 983 3461 ἀπαγγ.
997 3392 1046 3445 καί
1061 3390 1132 3445 ούτω

120 3471 170 3517 τοῦ
188 3464 258 3515 λαοῦ
276 3462 451 3531 ύμυήσαντος
468 3461 487 3531 ἡ
505 3463 553 3517 ἀπ.
571 3470 620 3518 τοῦ
639 3466 712 3518 θεοῦ
729 3463 876 3531 παρευθύς
894 3460 1031 3517 ἐκόπασεν
1049 3462 1078 3516 Ρ.
1098 3492 1132 3501 -

120 3541 136 3588 6
156 3532 206 3587 καλ
226 3528 421 3598 Ἀττικὸς-9
445 3532 587 3604 ἀνήγαγεν
612 3540 677 3603 μυσί
704 3530 849 3602 νεστορίου
871 3551 895 3589 υ.
915 3539 949 3589 10
972 3536 1024 3589 im.
1043 3532 1073 3587 P.
1098 3563 1131 3571 -

121 3612 137 3659 9
157 3602 254 3673 γέγονε
269 3611 333 3673 μοστ
350 3604 440 3678 έφέσῳ
458 3622 482 3660 υ.
499 3610 532 3659 10
551 3608 602 3659 ι’κε.
617 3604 648 3658 Ρ.
668 3636 702 3645 -
722 3612 826 3676 ll—p.
842 3610 903 3673 606,
918 3611 951 3659 22
970 3623 1020 3662 om.
1035 3604 1065 3657 P.
