2617 3909
539 260 727 312 XPONIKON
1075 256 1140 320 483

127 414 169 492 τῷ
193 407 307 492 ἐλεεινῷ
330 406 380 468 καλ
406 407 531 488 θρῆνον
558 407 645 491 ἀξίῳ,
674 407 781 469 ὁποίαν
807 416 867 468 τῶν
893 407 935 480 εἰς
957 407 1142 487 χριστιανούς

129 530 181 586 μοι
204 504 426 585 τετολμημένων
448 504 590 586 ἀσεβειῶν
613 504 699 578 ἀξίαν
717 504 813 586 ύπέγω
832 506 888 585 τὴν
905 505 1055 586 τιμωρίαν.
1091 502 1141 564 καί

127 613 222 666 ταῦτα
245 603 315 683 μετὰ
338 609 448 684 πολλῆς
471 601 582 684 ὀδύνης
605 603 696 664 εἰπὼν
719 602 878 664 ἀπέθανεν.

194 696 264 780 Ἐφ’
291 694 327 762 ού
356 701 405 762 διά
431 701 487 780 τῆν
514 699 636 782 ἀπειρον
665 703 846 784 κακουργίαν
875 701 958 780 λιμὸς
985 699 1077 761 αὐτοῦ
1104 707 1140 784 τῆ
1155 721 1195 761 εεο
1209 719 1240 759 ιι.

128 801 210 884 χώρα
238 799 335 873 δεινὸς
363 799 532 878 ἐπισκήπτει
558 799 608 861 καὶ
633 799 734 879 λοιμὸς
756 801 808 860 καί
827 823 908 873 τινος
930 797 1028 880 ἓτέρου
1050 798 1141 876 νοσῆ-
1169 817 1181 857 ε

130 920 222 977 ματος
250 903 345 978 μοῖρα.
391 895 473 970 έλκος
502 895 533 958 δέ
561 889 600 976 ῆν
628 897 811 978 φερωνύμαις
832 906 886 959 τοῦ
910 898 1068 979 πυρώδους
1091 893 1141 957 ἀν-

130 1002 246 1077 θρακος
265 995 432 1076 λεγόμενον,
455 989 526 1056 καθ’
544 995 614 1056 ὅλον
633 993 687 1074 μὲν
705 993 796 1076 ἕρπον
813 996 846 1057 τὸ
865 1005 959 1075 σῶμα,
977 995 1142 1076 σφαλεροὺς

129 1092 163 1155 δὲ
191 1099 253 1166 τοῖς
282 1092 467 1154 πεπονθόσιν
497 1092 621 1155 ἐνεποίει
648 1093 823 1166 κινδύνους.“
863 1086 900 1154 ού
924 1093 983 1173 μὴν
1012 1091 1043 1154 δέ
1070 1091 1142 1153 ἀλλὰ

129 1191 181 1253 καὶ
209 1189 283 1252 κατὰ
309 1200 368 1250 τῶν
396 1188 563 1269 ὀφθαλμῶν
587 1189 737 1272 ἐξαιρέτως
759 1189 807 1251 ἐπὶ
829 1195 964 1250 πλεῖστον
985 1189 1143 1270 γινόμενον

129 1290 257 1371 μυρίους
281 1289 369 1362 ὅσους
392 1287 503 1369 ἀνδρας
526 1289 587 1367 ἀμα
606 1287 724 1369 γυναιξὶ
741 1287 791 1348 καὶ
808 1286 892 1348 παισλ
910 1287 1024 1368 πηρούς
1042 1286 1143 1367 ἀπειρ-
1156 1307 1182 1347 το

129 1388 249 1470 γάσατο.
295 1384 345 1447 καλ
377 1384 433 1446 σὺν
465 1386 579 1459 τούτοις
606 1387 870 1468 προσεπανίσταται
896 1391 936 1470 τῷ
961 1386 1096 1468 τυράννῳ
1126 1382 1142 1445 δ

129 1485 206 1567 πρὸς
227 1481 398 1568 Ἀρμενίους
425 1483 558 1563 πόλεμος.
604 1482 724 1565 ἀθρόως
747 1479 802 1562 ὑφ’
822 1482 875 1544 ἕνα
901 1483 951 1544 καὶ
978 1484 1030 1545 τὸν
1053 1482 1144 1544 αύτδν

130 1583 335 1664 συρρεύσαντα
352 1581 456 1664 καιρὸν
474 1591 526 1662 τῆς
544 1591 597 1643 τοῦ
616 1583 779 1661 δυσσεβοῦς
794 1582 981 1662 θρασύτητος
998 1580 1053 1659 τῆν
1070 1578 1144 1640 κατὰ

131 1691 186 1742 τοῦ
209 1685 285 1742 θεοῦ
309 1681 505 1761 μεγαλαυχίαν
528 1679 688 1761 διήλεγξεν,
711 1680 755 1740 ὅτι
774 1679 811 1759 δῆ
830 1689 882 1759 τῆς
900 1678 967 1761 περὶ
986 1678 1020 1739 τδι
1038 1679 1145 1739 εἴδωλα

130 1779 266 1858 σπουδῆς
299 1777 391 1838 αύτοῦ
422 1775 472 1838 καὶ
498 1787 551 1856 τῆς
577 1771 649 1852 καθ’Ι
676 1775 761 1857 ἡμῶν
792 1776 877 1839 ἕνεκα
906 1777 1077 1856 πολιορκίας
1104 1775 1144 1855 μῆ
1159 1796 1184 1836 τε

131 1977 223 2054 βῆναι
255 1982 368 2053 καιρῶν
397 1969 582 2055 ἐναβρύνετο.
633 1983 724 2034 ταῦτα
756 1967 784 2034 δ’
814 1965 870 2033 οὖν
899 1973 960 2051 ἅμα
991 1970 1042 2032 καὶ
1072 1970 1146 2031 κατὰ

131 2071 221 2134 ταύτδ
245 2071 379 2150 ἐπῆλθον
402 2069 452 2131 καλ
475 2079 527 2150 τῆς
549 2067 613 2132 κατ’
631 2071 723 2134 αύτοῦ
741 2079 947 2151 καταστροφῆς
964 2067 1147 2151 περιειλῆφει

130 2169 167 2231 τὰ
191 2169 340 2250 προοίμια.
386 2165 436 2228 καλ
459 2167 548 2241 αύτδς
572 2165 625 2247 μέν
648 2161 704 2230 ούν
727 2166 792 2250 περὶ
814 2167 867 2229 τὸν
885 2167 960 2248 πρὸς
974 2160 1147 2245 Ἀρμενίοος

169 2407 173 2416 „
209 2344 296 2412 4-γ.
313 2343 374 2406 484,
390 2343 422 2392 15
441 2338 506 2392 Eue.
520 2338 554 2392 Η.
570 2339 636 2392 eccl.
651 2339 698 2406 IX,
713 2344 737 2393 8.

206 2496 222 2543 4
241 2487 415 2560 κακουργίαν
435 2491 521 2544 αύτοῦ
540 2489 618 2560 λιμὸς
635 2488 706 2616 τΙῆἙ
725 2491 812 2544 αὐτοῦ
830 2505 962 2558 κακουργ.
978 2487 1055 2558 λιμὸς
1072 2495 1105 2558 τῆ
1123 2487 1147 2576 l}

130 2561 888 2702 ἀλλ”-ἐξολύῖλλίέέέςτάὐῗέτέλτζ-Ῑιλέλίλῗ
904 2560 1147 2701 Ῠ-Βιῖπλλῖλι

131 2697 214 2758 BFL.
240 2735 272 2743 -
303 2708 336 2756 12
360 2701 379 2757 ἃ
403 2699 517 2770 ἀθρόως
540 2705 609 2759 coni.
629 2703 741 2758 Muralt.
763 2702 942 2773 φνοδαλιιλῦιν
964 2700 1089 2773 (ἀθρόως
1111 2701 1147 2770 δὴ

131 2783 222 2829 ταῦτα
240 2773 333 2836 πάντα
347 2774 468 2844 Euseh).
484 2806 517 2814 —
537 2780 570 2828 13
589 2775 690 2844 καιρὸν
710 2775 901 2843 συρρεύσαντα
914 2774 938 2827 Β
956 2774 1147 2842 συρρεύσαντα

132 2863 183 2901 om.
199 2844 228 2899 L.
247 2877 280 2886 -—
300 2845 371 2900 κατὰ
389 2853 439 2900 τοῦ
457 2848 529 2899 θεοῦ
543 2845 646 2900 ABCP
666 2846 748 2917 (κατὰ
765 2855 815 2902 τοῦ
833 2844 918 2901 θείου
931 2845 1008 2914 Eue.)
1026 2852 1076 2898 τοῦ
1095 2860 1146 2898 ουτ.

132 2916 192 2970 rell.
212 2948 246 2956 -
267 2921 298 2970 17
320 2916 518 2988 ἐνηβρύνετοΒ
541 2917 728 2989 ἐναμβρύνετο
742 2916 771 2971 Μ
789 2924 815 2972 et
827 2934 898 2974 rece.
912 2916 1042 2986 plerique
1064 2915 1147 2983 ἐναμ-

133 2988 267 3058 βρύνεται
281 2989 310 3042 F.
327 3020 360 3028 —
381 2987 437 3057 ἅμα
456 2988 505 3042 καί
523 2988 595 3042 κατά
613 2989 699 3044 ταύτδ
713 2988 764 3042 ΒΡ
782 2988 863 3058 (ὁμοῦ
882 2989 931 3043 καί
946 2987 1020 3041 κατὰ
1032 2985 1063 3040 τὸ
1078 2986 1147 3040 αύτδ

132 3059 210 3126 Eue.)
230 3059 288 3128 ἅμα
302 3059 352 3113 καλ
365 3055 428 3114 κατ’
445 3059 513 3114 αύτδ
528 3059 579 3112 AV
598 3058 656 3128 ἅμα
675 3059 747 3114 κατδι
764 3059 868 3114 ταύτδν
881 3058 985 3114 DEFL
1004 3057 1061 3125 ἅμα
1080 3054 1146 3111 κατ’

132 3129 220 3185 &nav
245 3129 337 3184 OMR.
363 3162 396 3170 -
421 3135 454 3184 18
479 3130 604 3199 ἐπῆλθον
628 3132 668 3186 lit.
686 3147 754 3186 οοττ.
778 3147 812 3185 ex
835 3130 958 3200 ἐπῆλθεν
977 3130 1002 3182 Α
1025 3129 1148 3197 ἐπῆλθεν
1215 3158 1218 3164 ·

132 3200 226 3255 MRV.
242 3233 276 3242 ——
295 3198 358 3256 κατ’
375 3200 499 3256 αύτδνΡ
518 3202 605 3256 αῦτοῦ
625 3205 685 3271 (σοι.
701 3199 776 3271 κατ’)
790 3201 820 3255 L.
841 3234 874 3241 —
894 3201 1063 3269 ἐπιστροφῆς
1080 3199 1146 3253 ΒΜ.

132 3304 167 3314 -
188 3278 220 3326 19
240 3273 290 3334 καὶ
308 3272 393 3334 αύτδς
406 3271 460 3399 μέν
479 3268 530 3328 οῦν
549 3277 587 3346 τξο
601 3292 647 3343 πρ.
664 3274 727 3342 ἀρμ.
742 3271 850 3346 πολέμφ
862 3305 895 3313 -
906 3280 1085 3327 κατεπονεῖτο
1101 3271 1148 3324 PL

132 3341 181 3398 καλ
206 3344 291 3399 αῦτδν
315 3343 366 3414 μέν
389 3363 404 3398 ο
424 3364 441 3398 ν
462 3342 873 3413 ὁ-πόλεμος-κατέκοτιτεν
891 3344 924 3397 R.
950 3376 982 3384 -
1007 3338 1058 3397 οῦν
1081 3343 1147 3410 περὶ

136 3416 188 3471 τὸν
206 3415 388 3470 ABNPEus.
412 3416 476 3485 περὶ
495 3431 545 3470 om.
563 3413 741 3486 GEVOELR).

206 3573 221 3622 ῦ
241 3577 324 3637 μοῖρα
348 3584 398 3622 mn.
417 3567 446 3620 P.
470 3563 505 3608 -‘
529 3574 545 3622 6
571 3567 685 3635 ἀνθραξ
708 3565 853 3636 λεγόμενος
872 3566 894 3619 Ρ
917 3565 1039 3635 (ἄνθραξ
1061 3579 1146 3630 προσ-

132 3637 340 3710 αγορευόμενον
358 3637 442 3708 Εοε,).
1182 3682 1184 3685 .
