2617 3909
189 237 253 304 528
498 243 685 295 rwrlor
701 243 884 295 MONAXOT

188 387 373 472 όπετόπησεν
404 391 504 455 εἰκόνα
535 401 588 454 τοῦ
616 389 704 466 όντος
729 386 807 453 εἰναι
832 397 929 466 καλῶς
955 390 1129 470 ὑπείληφεν.
1175 392 1203 453 εί

188 489 221 553 θί
243 515 286 565 τις
312 489 379 572 περί
402 499 455 570 τῆς
476 489 590 565 εἰκόνος
613 488 742 572 ἀκριβῶς
765 495 875 569 μαθεῖν
897 490 1045 570 βούλεται,
1068 487 1201 551 άκουίτω

188 590 313 651 Παύλου
336 588 499 669 φράζοντος
520 587 587 669 περὶ
610 597 663 650 τοῦ
685 589 767 650 νίοῦ·
790 587 825 661 ός
846 586 925 649 ἐστιν
946 586 1035 650 είκόον
1050 597 1106 649 τοῦ
1124 594 1202 649 θεοῦ

187 697 240 749 τοῦ
267 685 404 768 ἀοράτου.
450 683 562 748 οόκνῦν
586 684 722 759 κάκεῐνος
743 687 900 768 θεολογίας
922 683 1089 768 όρθοόόξον
1112 686 1201 747 άπτε-

160 802 242 845 εται.
293 784 333 864 μη
365 782 421 864 γὰρ
452 782 507 862 τὴν
539 782 692 866 ἀκρίβειαν
724 783 800 862 ζήτει
827 783 908 866 παρὰ
933 793 987 845 τοῦ
1014 782 1202 862 δυνηθέντος

188 881 263 955 ὅλας
289 880 340 942 θεά
366 882 485 942 σόνεσιν
511 881 653 963 εἰλικρινῆ
680 891 875 944 κατοπτεῦσαι
901 882 957 962 τὴν
980 879 1128 962 ἀλήθειαν
1149 882 1201 943 καί

187 988 222 1064 τη
247 979 308 1065 my
330 981 475 1064 θρησκείᾳ
502 977 722 1060 ἀπομάχεσθαι,
751 974 814 1041 ἀλλ’
835 979 929 1042 ἰκεῖνο
952 979 1061 1061 ἐννόει,
1090 980 1134 1042 ὅτι
1156 981 1200 1052 εἰς

183 1077 220 1139 λν
243 1077 402 1158 πρόσωπον
420 1077 457 1139 οό
476 1075 639 1139 συνέκλεισε
657 1077 712 1157 τὴν
730 1079 898 1160 θεολογίαν,
920 1075 961 1152 ὡς
979 1079 1011 1140 οί
1024 1076 1200 1139 άπαίόευτοι

186 1173 237 1236 καλ
272 1176 444 1256 κακόσχολοι
480 1183 539 1237 τῶν
568 1170 722 1236 Ἰουδαίων
757 1175 927 1257 καθηγηταλ
959 1176 1109 1258 προλήψει
1139 1175 1200 1237 τινὶ

149 1289 175 1330 ιο
188 1275 375 1356 κατεχόμενοι
394 1273 626 1356 όογματίζονσιν.
672 1273 728 1335 οῦκ
750 1273 783 1335 ἐκ
804 1275 918 1336 τοῦτον
940 1271 972 1335 66
993 1275 1086 1353 μόνον
1104 1279 1201 1354 πληκ-

186 1373 352 1435 τικωτάταν
375 1370 470 1434 όντων
491 1372 534 1446 εἰς
555 1371 668 1450 ταύτην
689 1371 840 1453 προήχθη,
863 1371 904 1445 ὥς
925 1394 958 1453 γε
980 1369 1120 1452 ἡγοῦμαι,
1142 1371 1200 1450 τὴν

186 1469 316 1550 ἔννοιαν,
338 1469 412 1531 ἀλλὰ
434 1469 484 1532 καὶ
506 1469 538 1530 ἰκ
556 1477 622 1531 τοῦ·
645 1468 816 1549 ποιήσωμεν
833 1467 998 1552 άνθρωπον
1014 1464 1079 1530 κατ’
1096 1468 1199 1531 εἰκόνα

187 1564 329 1648 ἡμετέραν
352 1567 401 1628 καί
424 1561 496 1628 καθ’
519 1566 670 1648 ὁμοίωσιν,
693 1566 743 1628 καὶ
761 1567 794 1629 ἐκ
811 1576 876 1628 τοῦ·
900 1566 996 1649 ἔβρεξε
1015 1569 1119 1649 κάρτος
1137 1576 1198 1648 πῦρ

86 1671 170 1712 41111.
186 1663 266 1742 παρὰ
292 1666 414 1745 κορίοο,
441 1663 491 1725 καί
518 1664 550 1726 ἐκ
577 1673 642 1726 τοῦ·
673 1659 755 1728 εἰπεν
777 1661 793 1728 6
815 1665 919 1746 κάρτος
945 1671 984 1750 τῷ
1007 1667 1100 1750 κυρίην
1128 1688 1199 1745 μου,

147 1777 171 1818 ιο
185 1761 285 1823 κάθου
312 1761 345 1823 ἐκ
372 1762 476 1837 δεξιῶν
499 1785 571 1843 μου,
599 1762 649 1825 καί
672 1763 705 1825 ἰκ
727 1771 792 1825 τοῦ·
821 1763 866 1824 ὅτι
888 1763 921 1826 ἰν
943 1763 990 1825 σοί
1013 1762 1029 1825 6
1053 1762 1200 1838 θεόςκαί

186 1858 223 1920 σὺ
246 1854 275 1921 εἰ
295 1857 311 1920 6
334 1859 413 1934 θεός.
459 1860 529 1934 τοὺς
550 1860 606 1942 γὰρ
629 1861 766 1943 λέγοντας
789 1861 834 1922 ὅτι
857 1861 994 1942 μυριάκις
1016 1861 1096 1923 ἐστίν
1113 1862 1200 1943 άγιος

186 1954 201 2019 6
225 1957 297 2031 θεὸς
323 1956 373 2018 καί
400 1957 445 2019 τό·
474 1959 572 2040 άγισς,
599 1959 696 2040 άγιος,
723 1960 808 2041 άγιος
833 1959 937 2041 κύριος
959 1969 1198 2041 παρερμηνεῦσαι

185 2060 352 2135 τολμῶντας
374 2060 512 2137 λαμπρῶς
535 2055 640 2138 ἐλέγχει
660 2056 705 2117 τό·
728 2056 884 2136 ἰξεζόχτησα
901 2057 933 2119 τὸ
952 2058 1113 2139 πρόσωπόν
1130 2075 1198 2138 σου,

186 2152 218 2214 τὸ
240 2153 400 2234 πρόσωπόν
422 2171 488 2232 σον,
509 2153 602 2235 κύριε,
625 2154 751 2233 ζητήσω’
775 2154 816 2233 μη
838 2153 1030 2239 άποστρόψχς
1051 2156 1083 2216 τό
1105 2155 1200 2237 πρόσ-

145 2268 170 2307 εσ
185 2251 267 2313 ωπόν
286 2270 341 2313 σον
359 2247 411 2312 ἀπ’
428 2251 509 2331 ἐμοῦ.
542 2251 626 2330 εἰμὴ
645 2252 701 2333 γὰρ
718 2251 775 2331 τὴν
792 2250 881 2333 άγίαν
898 2251 1075 2333 ἀνεκήρυττε
1094 2269 1198 2333 μυστι-

184 2357 242 2422 κῶς
265 2350 369 2431 τριάδα
391 2348 407 2411 ὁ
431 2351 557 2430 φράσας,
580 2351 796 2431 περιττολογίας
817 2350 931 2423 δίκαιος
949 2348 987 2411 άν
1005 2351 1051 2430 είη
1070 2348 1198 2430 άπαιτη·

184 2452 280 2527 θῆναι
302 2448 395 2521 δίκας.
432 2447 469 2508 οὐ
493 2448 586 2526 μόνον
609 2445 641 2509 66
664 2446 696 2508 ἐν
718 2449 812 2532 τούτῳ
830 2444 951 2530 (χρῆναι
972 2447 1028 2530 γὰρ
1046 2443 1129 2527 οἰμαι
1147 2447 1197 2510 ἐπί

184 2543 363 2625 σαφέστερον
386 2543 513 2626 ὁρμῆσαι
535 2542 651 2629 ῥητόν),
674 2544 747 2607 ἀλλὰ
768 2545 818 2607 καί
839 2545 872 2607 ἐν
889 2552 938 2630 τῷ·
961 2552 1060 2607 θῦσον
1082 2552 1121 2631 τῷ
1137 2552 1201 2629 θεῷ

184 2642 295 2702 θνσίαν
318 2640 454 2716 αἰνέσεως
477 2641 527 2703 καί
549 2640 662 2717 ἀπόδος
685 2650 725 2728 τῷ
747 2643 864 2729 ὑψίστῳ
886 2643 939 2717 τὰς
961 2643 1048 2724 εόχάς
1066 2663 1122 2706 σον
1145 2645 1197 2706 καί

183 2775 245 2782 --

256 2844 271 2892 3
295 2839 463 2907 001.1‚15.
492 2873 526 2882 -
556 2848 588 2895 12
608 2841 675 2896 Gen.
697 2848 725 2911 1,
745 2847 787 2896 26.
816 2873 849 2882 -
879 2847 911 2896 13
936 2841 1003 2898 Gen.
1025 2847 1071 2911 19,
1091 2849 1132 2897 24.
1160 2876 1196 2884 —

186 2911 1196 2982 14Psalm.109(110)‚1.-16Jes.45‚14;15.-1'1Jes.6‚3.-

185 2988 217 3037 18
237 2982 338 3038 Psalm.
354 2989 387 3038 εκ
403 2986 467 3054 (ετ),
482 2990 511 3050 s;
526 2990 550 3037 9.
571 3016 603 3025 -
624 2990 658 3038 νε
676 2984 778 3038 Psalm.
793 2990 827 3036 ιε
841 2986 905 3055 (60),
921 2992 967 3051 τις
983 2992 1024 3039 ιο.

255 3165 269 3213 1
295 3159 375 3224 ὄντος
392 3159 467 3214 DFP
493 3160 581 3222 όντοος
602 3161 662 3215 rell.
688 3193 721 3202 -
747 3168 764 3215 3
786 3159 863 3232 νίοῦ]
886 3161 967 3231 ἰηοοῦ
985 3162 1034 3216 PR
1057 3166 1196 3232 (Χριστοῦ

182 3230 236 3300 Ιε.).
256 3262 289 3271 -
310 3238 326 3285 ό
345 3236 419 3301 ζητεῖ
434 3232 482 3286 ΑΡ
505 3229 595 3301 ζητοίη
613 3249 634 3288 ε.
650 3237 725 3302 ζητεῖ
741 3232 759 3302 ἡ
778 3233 810 3285 R.
834 3263 868 3274 -—
893 3239 927 3287 10
945 3232 1039 3303 μόνον
1058 3232 1138 3288 cm.
1159 3267 1194 3275 -

185 3307 216 3354 17
233 3301 312 3370 άχιος
325 3305 434 3356 tertium
447 3319 497 3358 om.
513 3301 599 3357 CER.
616 3335 648 3344 -
672 3311 705 3358 19
718 3304 751 3359 τό
764 3301 917 3372 πρόσωπόν
931 3322 981 3360 σον
994 3306 1072 3374 κόριε
1080 3307 1195 3362 -άπο-

184 3371 349 3496 στρίψηχχὸ
363 3371 513 3441 πρόσωπόν
532 3391 581 3428 σον
596 3391 646 3429 om.
662 3375 716 3429 AF.
732 3407 766 3416 -
786 3380 820 3428 20
834 3393 884 3430 σου
898 3393 948 3431 om.
963 3375 1061 3430 EIsid.
1077 3409 1110 3418 -
1130 3378 1194 3446 ἐκή-

183 3462 262 3511 ρυττε
337 3485 343 3498 .

155 3643 156 3646 =
256 3617 272 3664 ό
290 3620 340 3664 τοῦ
360 3611 396 3680 μὴ
416 3595 588 3680 θννηθέντος
605 3611 634 3665 Ρ.
