2617 3909
181 271 246 336 516
493 272 679 324 ΓυαΡιίοα
697 272 879 324 mmor

180 418 288 502 ἔχθρας
319 421 475 502 κρείττονα.
528 420 556 480 εί
580 419 636 502 γὰρ
668 417 798 505 δποτέρῳ
824 429 885 480 τῶν
911 421 1053 482 τοιούτων
1081 426 1193 481 παθῶν

180 520 351 600 χειρωθείη,
381 517 416 579 τδι
443 519 540 580 πάντα
563 519 732 599 διαφθείρει
753 516 803 578 καί
825 516 995 579 ἀπόλλυσιν.
1040 518 1068 578 εἰ
1088 519 1194 579 τοίνυν

179 617 212 680 τδ
244 614 298 696 μέν
330 615 428 699 εὑρεῖν
459 617 492 680 νδ
524 617 641 678 δίκαιον
672 615 773 698 έργον,
804 615 837 679 τὸ
870 613 904 677 δέ
934 615 975 694 μὴ
1003 617 1194 697 διαφθείρειν

179 713 303 796 εὑρόντα
329 712 554 796 ἐργωδέστερον,
582 713 618 776 ού
646 715 697 776 δεῖ
723 713 901 794 ἐπιρρίπτειν
927 711 995 774 τινὰ
1023 713 1129 776 ἐαντδν
1157 720 1197 796 τῷ

154 812 299 893 εκρίνειν.
345 811 408 874 τότε
430 822 505 893 γοῦν
528 811 544 874 δ
567 810 661 892 ὀρθὸς
683 811 752 893 ὅρος
774 821 828 891 τῆς
849 812 1042 891 δικαιοσύνης
1062 803 1192 891 σάζετιιι,

180 907 251 970 ὅταν
274 917 311 993 τῇ
333 905 388 988 μέν
410 910 489 994 αἰτίῳ
511 907 531 990 ἡ
554 911 659 990 κρίσις,
682 917 717 994 τῇ
741 906 774 971 δέ
795 909 888 987 κρίσει
910 905 926 968 δ
949 907 1078 989 ἔλεγχος,
1100 915 1140 992 τῷ
1160 907 1192 970 δέ

179 1003 284 1090 ἐλέγχῳ
307 1003 327 1086 ἡ
350 1016 456 1086 ψῆφος
474 1004 494 1086 ἡ
513 1008 587 1088 πρὸς
604 1005 660 1086 την
677 1007 821 1084 ποιότητα
838 1015 890 1067 τοῦ
913 1004 1120 1088 ἁμαρτήματος
1136 1005 1193 1084 τὴν

179 1105 321 1185 τιμωρίαν
344 1101 489 1186 ὁρίζουσα.

243 1195 275 1263 ‘0
297 1203 400 1264 τοίνυν
422 1201 512 1285 μέγας
528 1196 708 1276 Ἀθανάσιος
730 1201 768 1263 ού
786 1202 879 1282 μόνον
897 1200 957 1262 ύιτδ
975 1211 1028 1263 τοῦ
1050 1200 1193 1281 βασιλέως

141 1323 166 1362 10
179 1301 409 1362 Κωνσταντίνου
433 1300 483 1362 διὰ
505 1300 556 1373 τὰς
578 1310 638 1362 τῶν
653 1294 812 1382 Ἀρειανᾶνν
832 1301 1011 1382 κακουργίας
1033 1299 1193 1380 ἐξωρίσθη,

79 1395 255 1458 49111’σίλλά
277 1422 309 1480 γε
331 1397 458 1461 καλ-δπδ
477 1409 529 1460 τοῦ
547 1399 617 1460 νίού
636 1399 729 1461 αύτού
746 1398 956 1460 Κωνσταντίου
973 1396 1024 1457 καὶ
1042 1397 1192 1478 διαδόχου.

181 1495 256 1575 φησί
279 1497 348 1578 γάρ·
373 1493 388 1558 δ
412 1494 444 1558 δέ
467 1497 550 1578 άγιυς
570 1492 749 1570 Ἀθανάσιος
770 1495 862 1577 γνούς
883 1495 974 1555 πάλιν
995 1494 1115 1556 καὶτὸν
1137 1496 1193 1574 βα-

181 1591 260 1654 σιλέα
279 1593 488 1654 Κωνστάντιον
510 1593 546 1654 τὰ
566 1603 625 1656 τῶν
640 1589 799 1675 ’Λρειανῶν
821 1593 976 1673 κρατύνειν
999 1593 1193 1672 βουλόμενον,

180 1689 230 1750 καλ
248 1690 317 1763 τούς
333 1684 502 1773 Ἀρειανούς
522 1691 793 1770 συσκευαζομένους
810 1688 938 1770 ἀθέμιτα
954 1690 1048 1752 αύτού
1066 1713 1193 1770 κατηγοι

141 1808 166 1850 15
179 1793 243 1868 ρεῖν
265 1786 313 1848 ἐπὶ
332 1787 555 1871 διεφθαρμένου
574 1791 775 1870 δικαστηρίου,
793 1785 900 1868 μηδενί
916 1788 1072 1870 θαρρήσας
1090 1788 1194 1866 αι’φνί-

181 1884 247 1945 διον
267 1883 311 1946 -ἐν
343 1877 499 1970 μὲσαιιάτη
531 1885 615 1948 νυκτί
647 1888 824 1965 ζητούμενος
854 1884 999 1967 κατέφυγε
1025 1885 1099 1966 πρός
1126 1909 1193 1947 τινα

180 1979 334 2063 παρθένον
356 1981 458 2064 άγίαν,
481 1983 546 2064 ἥτις
568 1983 617 2046 έπλ
638 1991 678 2068 τῳ
696 1985 844 2065 πράγματι
867 1985 1033 2058 ξενισθεῖσα
1055 1984 1193 2063 διηπόρει

180 2078 235 2158 την
261 2077 373 2158 άφιξιν.
419 2079 435 2142 ὁ
459 2079 491 2142 δέ
520 2082 663 2162 μακάριος
689 2082 867 2163 πατριάρχης
891 2082 965 2164 λέγει
986 2082 1062 2164 πρὸς
1084 2081 1192 2160 αὐτήν·

180 2175 370 2258 ίπιζητοῦμαι
396 2178 477 2262 παρὰ
502 2189 561 2240 τῶν
580 2175 740 2260 ’Λρειανῶν
766 2178 816 2240 καί
842 2179 970 2260 όιθέμιτα
991 2181 1191 2258 λυιδοροῦμαα

140 2298 167 2340 το
181 2275 230 2336 ἴνα
257 2274 289 2337 δέ
317 2277 357 2356 μὴ
386 2275 466 2359 κάγὼ
493 2277 583 2350 δόξαν
605 2275 713 2358 άλογον
736 2276 940 2359 ύπενέγκωμαι
961 2277 1012 2338 καί
1033 2279 1075 2352 είς
1097 2276 1193 2359 ἆμαρ-

251 2461 320 2509 5-8
338 2456 403 2510 laid.
418 2455 465 2524 HJ„
480 2462 531 2510 τοι
550 2457 738 2526 Migne1017.
758 2489 792 2498 -
811 2464 898 2526 ο-γ.
914 2465 975 2525 σιτ,
993 2463 1026 2512 13
1045 2460 1079 2525 α.
1094 2458 1192 2516 Vitam

179 2525 328 2580 Athanasii
351 2543 424 2596 quae
442 2527 473 2581 in
491 2527 575 2582 oditis
594 2527 781 2598 Metaphrasti
800 2529 970 2583 adscribitur
987 2536 1076 2599 cp.13
1095 2530 1192 2599 Migne

179 2596 256 2651 Tom.
272 2602 306 2651 25
317 2615 346 2666 γ.
362 2596 459 2652 CCXL.
480 2629 514 2639 -
533 2605 620 2668 9-p.
637 2605 723 2668 518‚2
742 2601 778 2668 cf.
792 2601 874 2654 etiam
892 2601 999 2654 Pallad.
1019 2600 1091 2655 ffist.
1107 2602 1190 2654 Laus.

180 2684 220 2736 cp.
237 2673 287 2722 136
306 2667 403 2738 Migne
421 2669 498 2722 Tom.
514 2675 649 2738 34,1235.

252 2826 268 2873 4
286 2821 337 2895 τῷ]
356 2821 387 2875 τδ
407 2819 537 2875 ODEPV
560 2821 600 2884 είς
617 2823 648 2876 τὸ
667 2823 688 2874 F
707 2839 758 2877 om.
772 2822 805 2874 R.
821 2853 853 2861 —
873 2828 889 2876 5
909 2822 924 2876 δ
944 2821 1009 2889 ὄρος
1027 2821 1121 2890 ὀρθῶς
1134 2824 1190 2877 AB.

180 2922 213 2931 —
233 2890 248 2946 δ
263 2909 313 2948 om.
329 2891 410 2946 OPR.
425 2923 459 2932 -
478 2897 494 2944 6
510 2890 528 2960 ἡ
543 2890 632 2960 κρίσις
645 2893 826 2964 ἀκολουθήσῃ
839 2891 904 2947 laid.
919 2925 954 2934 -
970 2900 1003 2947 14
1016 2895 1104 2949 αὐτοῦ
1118 2894 1192 2948 APR

180 2981 258 3051 αύΒ
281 3000 358 3054 αύτῶ
373 2998 433 3054 rell.
452 3031 487 3040 -
512 3005 544 3053 16
568 3000 742 3072 μεσοτάτηλΊ
765 2999 913 3072 μεσεστιίτη
931 3001 960 3054 Μ
983 3000 1147 3070 μεσιτατάτη
1167 3002 1192 3054 Α

179 3067 252 3142 μέσῳ
269 3077 302 3142 τῇ
322 3055 346 3125 (ί
365 3067 506 3140 μεσωτάτη
526 3070 607 3140 (μέσα
626 3071 731 3141 ταύτην
750 3071 810 3140 alh)
828 3071 861 3124 R.
1189 3083 1193 3087 ’

251 3225 267 3272 2
291 3221 338 3274 καλ
362 3218 513 3275 ἀπόλλυσιν
536 3238 587 3276 om.
606 3222 629 3275 P
647 3221 712 3275 Isid.
737 3253 771 3261 -
794 3227 810 3274 θ
831 3220 919 3290 ὀρθὸς
940 3231 989 3292 τῆς
1011 3223 1192 3292 δικαιοσύνης

181 3286 272 3360 (δίκης
288 3290 334 3360 Is.)
351 3289 415 3358 ὅρος
428 3291 494 3344 ΡΙε.
509 3323 542 3331 -
562 3297 578 3344 9
593 3291 737 3416 βασιλέωςγ
755 3290 839 3346 θείου
853 3291 882 3346 P.
899 3325 934 3334 —
954 3300 986 3347 11
1001 3292 1191 3350 κωνσταντίον

181 3376 231 3415 om.
250 3361 280 3415 P.
304 3392 338 3401 -
363 3367 397 3414 14
418 3366 558 3426 σνσκεναζ.
579 3363 666 3417 αὐτὸν
689 3384 725 3417 κα
761 3364 970 3429 σπουδάζοντας
991 3363 1074 3434 όιθίμ.
1094 3385 1190 3436 κατηγ,

181 3430 268 3485 αὐτοῦ
287 3430 359 3486 κατὰ
377 3429 571 3499 συκοφαντίαν
590 3433 635 3487 ἐπί
649 3433 754 3487 PVita.
768 3465 805 3473 —
822 3441 854 3487 16
873 3433 944 3502 πρός
961 3456 1025 3490 τινα
1042 3435 1192 3504 παρθένον

181 3501 355 3572 ὡραιοτάτην
369 3501 445 3556 πάνυ
460 3503 508 3556 καὶ
522 3503 646 3572 φευκτὴν
656 3503 705 3558 διὰ
714 3504 745 3558 τὸ
755 3502 901 3574 ἀμήχανον
914 3507 1014 3569 κάλλος
1026 3508 1075 3560 καλ
1083 3507 1115 3561 τδ
1124 3506 1191 3562 νέον

180 3577 230 3640 της
242 3571 351 3642 ἡλικίας
364 3573 386 3626 Ρ
399 3575 444 3642 (cf.
456 3572 551 3626 Vitam
564 3581 590 3628 et
602 3573 710 3627 Pallad.
725 3575 807 3629 initio
820 3579 937 3645 eapitis).
957 3609 990 3617 -
1014 3583 1120 3631 17-19
1130 3575 1192 3645 ἥτις

179 3641 228 3696 ἐπὶ
245 3649 283 3717 τῷ
300 3644 441 3714 πράγματι
459 3642 619 3707 ξενισθείσα
639 3646 726 3713 φησίν
745 3644 759 3698 ὁ
779 3643 900 3710 δίκαιος·
920 3648 1099 3718 ἐπιζητοῦμαι
1116 3648 1147 3701 Ρ.
1183 3680 1189 3685 ·
