2617 3909
534 263 723 315 XPONIKON
1073 262 1138 326 473

26 446 35 463 ·
119 411 203 492 χείας
225 409 280 489 τὴν
303 410 377 473 κατὰ
401 411 517 490 Μάνην
541 404 632 484 αὖθις
647 405 855 492 Ἀπολινάριόν
878 435 908 472 τε
931 409 981 471 καί
1003 409 1139 491 Εὐτυχέα

120 510 280 570 διεκδικεῖν
312 510 424 592 αἵρεσιν
453 509 586 590 ἐπειρᾶτο
613 518 716 570 κυκῶν
743 509 798 588 ὅση
827 509 954 589 δύναμις
981 509 1059 594 αὐτῷ
1083 509 1138 587 τὴν

117 615 176 686 τῆς
207 607 362 686 ἐκκλησίας
393 607 524 689 εἰρήνην.
574 605 721 680 ἐξελαθεὶς
754 605 786 668 δέ
817 617 870 687 τῆς
895 601 1067 688 Ἀντιοχέων
1097 605 1138 679 ὡς

117 705 288 783 στασιώδης
308 703 358 765 καί
376 706 514 785 ταραξίας
531 714 566 789 τῇ
583 699 797 787 Ἀλεξανδρέων
814 705 979 785 κουφότητι
997 707 1138 778 λαίλαπος

118 802 172 865 καὶ
195 802 323 882 θυέλλης
351 805 439 882 δίκην
467 802 645 884 ἐνέσκηψεν,
677 803 754 865 ἔνθα
776 802 826 864 καὶ
848 802 946 885 ἑτέρας
969 804 1137 884 καταιγίδος
1165 825 1177 864 ε

118 900 357 980 ἀντιπνευσάσης
380 901 458 986 αὐτῷ
478 925 507 962 τε
528 901 578 962 καί
596 908 635 986 τῷ
655 907 715 986 λαῷ
735 901 850 983 συνέχεε
868 901 1048 975 πάνταςκαὶ
1067 901 1137 963 ἐθο-

118 999 261 1082 ρύβησεν.
309 998 474 1061 διεσκέδασε
496 998 552 1080 γάρ
575 999 686 1073 αὐτοὺς
701 996 863 1074 Ἰουλιανός
881 1023 925 1074 τις
946 1001 1137 1080 καλούμενος,

115 1093 332 1179 Ἀλικαρυασοῦ
356 1095 409 1178 μέν
432 1107 484 1179 τῆς
504 1092 603 1172 Ἀσίας
626 1098 795 1178 ἐπίσκοπος,
818 1107 871 1178 τῆς
893 1097 926 1159 δὲ
948 1098 1138 1179 Ἐπἰτυχιανῆς

117 1183 297 1269 κακοδοξίας
333 1196 498 1277 προστάτης
533 1194 744 1274 εὐθυμότατος.
799 1196 938 1278 Σευήρου
973 1196 1029 1278 γὰρ
1066 1198 1137 1277 μίαν

118 1294 216 1372 φύσιν
243 1292 378 1374 λέχοντος
405 1288 481 1355 εἶναι
508 1293 560 1354 τὸν
583 1293 714 1376 Χριστὸν
741 1291 791 1353 καῖ
817 1293 872 1372 τὴν
900 1292 933 1354 ἐν
959 1301 998 1377 τῷ
1023 1299 1140 1378 Χριστῷ
1151 1315 1177 1355 ιο

119 1391 271 1472 διαφορὰν
295 1391 464 1472 δεχομένου,
488 1385 654 1453 Ἰουλιανοῦ
679 1389 710 1452 δέ
733 1391 804 1469 μίαν
827 1387 881 1470 μέν
903 1390 977 1451 κατὰ
999 1397 1137 1472 Σευῆρον

116 1489 288 1567 φάσκοντος
312 1489 414 1569 φύσιν,
438 1488 632 1570 ἀναιροῦντος
655 1486 688 1550 δέ
712 1489 767 1568 τὴν
786 1489 945 1570 διαφοράν,
968 1490 1057 1551 αἴτιοι
1079 1490 1136 1549 πά-

118 1604 176 1666 σης
203 1597 331 1667 ταραχῆς
358 1587 408 1648 καῖ
437 1588 524 1667 ζάλης
549 1588 705 1668 γεγόνασιν
733 1588 765 1649 οῖ
791 1585 907 1650 ἀνόσιοι
935 1588 974 1667 μη
998 1598 1136 1660 νοοῦντες

116 1683 247 1746 κατὰτὸ
272 1684 311 1762 δὴ
334 1684 491 1766 λεγόμενον
514 1685 585 1766 μήτε
609 1684 629 1746 ἃ
651 1685 770 1766 λέγουσι
788 1685 859 1766 μήτε
878 1684 944 1766 περὶ
962 1688 1052 1748 τίνων
1071 1687 1135 1747 δια-

119 1784 321 1864 βεβαιοῦνται.’
1149 1805 1175 1844 15

190 1881 304 1954 Οῖτινες
328 1880 402 1962 πρὸς
425 1878 502 1961 ἡμᾶς
527 1881 720 1962 διαμάχονται
745 1883 950 1962 λαμβάνοντας
975 1883 1018 1954 εῖς
1040 1884 1189 1964 παρά-,367
1204 1893 1234 1934 Μ.

118 1979 225 2059 δειχμα
252 1988 305 2058 τῆς
332 1981 417 2052 θείας
444 1978 575 2052 ένώσεως
600 1979 652 2040 τὸν
675 1979 709 2041 ἐκ
730 1990 832 2060 ψυχῆς
854 1979 903 2041 καῖ
927 1980 1060 2059 σώματος
1082 1978 1135 2040 άν-

118 2083 246 2158 θρωπον
273 2078 326 2137 καί
352 2094 456 2155 φασιν·
488 2077 599 2139 οὐκοῦν
622 2084 698 2159 τρεῖς
722 2076 887 2158 ὁμολογεῖτε
911 2078 1024 2156 φύσεις.
1069 2073 1132 2137 ἀλλ’

117 2175 246 2236 ἴστωσαν
273 2175 305 2236 οῖ
329 2173 457 2253 ἀμαθεῖς
483 2174 533 2236 καί
556 2174 743 2254 ἀπαίδευτοι,
771 2175 816 2237 ὅτι
845 2175 900 2236 δύο
924 2175 1029 2253 φύσεις
1051 2172 1136 2253 ἡμεῖς

117 2271 254 2353 λέγομεν,
284 2271 320 2334 οὐ
348 2278 423 2352 θεοῦ
450 2272 500 2334 καλ
528 2273 650 2354 σαρκός,
678 2271 746 2334 οὔτε
770 2273 830 2352 μην
852 2279 929 2334 θεοῦ
951 2271 1001 2333 καὶ
1023 2282 1134 2352 ψυχῆς,
1148 2292 1175 2334 νο

117 2369 193 2431 άλλδι
219 2375 295 2431 θεοῦ
323 2370 373 2432 καί
400 2369 574 2453 ἀνθρώπου.
621 2368 691 2432 οὐδέ
718 2371 773 2452 χάρ
799 2370 858 2431 ἐστι
881 2372 992 2453 κυρίως
1014 2369 1135 2452 ἀνθρώ-

114 2491 179 2529 που
202 2468 293 2546 φύσις
316 2465 335 2547 ἡ
359 2477 412 2530 τοῦ
440 2466 547 2550 μέρους
571 2469 669 2547 φύσις.
716 2467 790 2550 μέρη
814 2468 867 2548 μὲν
889 2469 945 2550 χδιρ
968 2468 1134 2550 Ιοἰνθρώπου

116 2564 202 2646 ψυχὴ
226 2565 275 2627 καῖ
298 2575 391 2647 σῶμα,
415 2565 488 2648 μέρη
512 2564 544 2627 δὲ
566 2575 625 2626 τῶν
649 2576 746 2648 μερῶν
769 2567 803 2627 αί
822 2565 889 2648 περὶ
907 2567 1006 2628 αὐτῶν
1025 2565 1134 2647 διαιρέ-

193 2727 225 2774 13
245 2726 269 2774 1.
284 2720 406 2775 Timoth.
422 2726 446 2786 1,
462 2725 485 2772 ι.

192 2867 206 2915 1
222 2863 293 2916 ἀπολ
294 2862 412 2932 ηνάριον
425 2863 447 2916 L
462 2861 664 2931 άπολλινάριον
678 2862 727 2916 Ελί
741 2862 1037 2930 άπολληνάριουλᾈ
1054 2868 1069 2915 2
1084 2882 1134 2915 κυ-

116 2937 191 2988 κλῶν
201 2934 251 2987 AR
265 2933 389 3003 κυρῶνΟ
403 2934 581 2988 κυνώνΙιμ-
595 2940 611 2986 3
626 2933 768 2998 ἐξελαθεὶς
781 2934 939 2988 AOEGLV
949 2933 1014 2988 Exc
1027 2934 1131 2987 Theod.

116 3004 227 3060 etDzit.
209 3012 309 3060 t.corr
325 3023 358 3060 ιω
373 3005 537 3070 ἐξελασθεὶς
563 3005 923 3070 ἐξελασθελςΒΡΜΡΙλμ
889 3006 985 3077 -ὡς]
1001 3005 1082 3059 ὁΟΡ.
1098 3037 1131 3045 -

118 3084 135 3132 4
149 3075 284 3139 λαίλαπος
296 3075 417 3145 θυέλλης
431 3073 514 3145 δίκην
525 3079 589 3202 §om
600 3077 659 3146 καί)
671 3076 698 3128 Ν
712 3074 847 3138 λαίλαπος
860 3073 943 3146 δίκην
957 3077 1006 3130 καλ
1015 3073 1043 3146 (η
1056 3071 1133 3144 Exc.)

114 3145 237 3216 θυέλλης
254 3147 412 3202 BExe.—
436 3154 451 3202 6
471 3165 522 3201 συν
537 3166 615 3220 χεται
633 3149 658 3201 Α
682 3144 793 3220 συνέχεε
812 3150 852 3203 lit.
871 3166 905 3202 ωε
923 3146 1005 3218 συνέχ
1007 3168 1049 3203 ετε
1067 3148 1132 3202 Exe.

116 3251 151 3259 -
167 3223 184 3272 8
198 3218 424 3288 ἀλικαρνάσουΡ
443 3217 654 3287 άλλικαρνασοῦ
665 3220 688 3288 (
676 3227 758 3273 σουν
768 3218 802 3287 G)
813 3217 863 3273 OG
881 3169 1132 3286 άλικαρνασσοῦΕ.

116 3323 151 3330 -
158 3291 361 3380 εὐτυχιαντκῆς
374 3290 478 3344 FR—
500 3295 532 3343 10
546 3309 584 3344 τω
595 3307 645 3344 ουι
660 3289 746 3343 AMR
755 3290 871 3345 Ex0.—
891 3295 923 3343 11
944 3290 1010 3358 σευη
1011 3310 1062 3358 ρον
1075 3290 1133 3344 ΜΡ

115 3361 236 3430 σεάηρον
250 3364 275 3415 Α
294 3369 404 3434 σευῖρου
418 3361 444 3415 V
463 3345 583 3430 σεοήρου
596 3360 756 3415 BCLR.—
777 3368 809 3415 16
812 3361 1013 3488 λαμχλάνοντες
1011 3311 1133 3415 QBFMV

115 3439 142 3488 et
156 3432 179 3484 Ε
193 3449 260 3488 corr.
276 3450 310 3488 εκ
327 3452 390 3494 -τας
404 3434 496 3487 ι’κοεκέ.
512 3450 636 3502 ς.υε-
657 3437 690 3488 17
708 3441 757 3503 τῆς
770 3429 854 3494 θειας
886 3434 995 3494 νώσεως
1013 3450 1063 3488 om.
1079 3432 1131 3485 FL.

115 3535 151 3544 --
172 3510 205 3556 23
225 3505 289 3573 περὶ
308 3504 394 3559 αῦτδν
413 3503 465 3557 DL
488 3503 552 3570 περὶ
571 3503 643 3558 αὐτὰ
662 3503 691 3557 F.

191 3651 223 3699 12
242 3645 410 3715 διαφθοράν
428 3645 457 3700 P.
478 3678 513 3685 -
532 3651 565 3699 16
585 3643 687 3709 οῖτινες
704 3647 753 3700 καλ
772 3647 843 3714 πρὸς
861 3646 891 3700 P.
