2617 3909
542 242 732 294 xpomxon
1073 245 1141 311 405

125 387 272 469 ἀχθέντας
300 389 585 469 διαπιπράσκεσθαι,
616 390 729 452 τούτων
756 388 788 452 δέ
811 391 912 470 μόνων
934 391 986 453 τὸν
1008 392 1141 474 άρνθμδν

125 487 170 559 εἰς
201 487 348 569 μυριάδας
380 484 498 568 ἀνδρῶν
529 480 566 547 θ’
598 494 796 568 συναχθῆναι.
845 489 896 551 καλ
926 490 963 569 δή
995 491 1062 574 περὶ
1087 502 1140 572 τῆς

124 594 334 666 καταστροφῆς
353 578 544 666 Ἰερουσαλήμ
566 584 637 664 ἐφη·
661 585 716 664 τήν
740 585 771 649 δὲ
794 586 942 668 ἐρήμωσιν
962 597 1015 669 τῆς
1033 611 1062 651 τε
1085 588 1139 650 πό-

125 688 198 755 λεως
230 681 279 744 καλ
311 692 363 744 τού
390 692 467 743 ναοῦ
495 682 606 763 συνέβη
632 682 772 765 γενέσθαι
803 685 877 746 κατδι
904 685 958 766 τήν
986 686 1139 765 Δανιήλου

123 781 313 862 προφητείαν
344 780 401 861 πρὸ
432 781 625 861 τετρακοσίων
656 779 732 843 ὀκτὼ
764 781 927 863 γενομένην
959 784 1039 846 ἐτῶν.
1090 784 1140 846 καλ
1167 805 1181 846 ε

124 878 204 939 ούτω
237 876 341 939 λοιπὸν
373 875 393 957 ή
423 880 505 960 τρίτη
537 878 644 952 άλωσις
670 877 772 961 γέγονε
797 891 851 961 τῆς
872 877 1063 964 Ἰερουσαλήμ
1090 882 1140 943 καλ

122 974 271 1054 παντελής
298 975 444 1057 ἐρήμωσις
470 975 518 1037 ἐπλ
548 976 774 1038 Οὐεσπασιανοῦ
801 977 851 1039 καί
877 979 964 1042 Τίτου
992 978 1063 1059 μετὰ
1090 980 1139 1059 ἐτη

124 1070 160 1153 μ’
183 1084 236 1154 τῆς
258 1083 311 1135 τοῦ
334 1076 440 1155 κυρίου
463 1071 549 1154 ήμῶν
571 1073 756 1153 ἀναλήψεως.

185 1168 277 1253 ’Ἆπερ
305 1172 342 1251 δή
371 1171 421 1233 καλ
449 1171 465 1235 ὁ
488 1177 573 1245 θεῖος
596 1174 807 1253 Χρυσόστομος
829 1172 1139 1257 ἐπεξεργαστικώτερον

123 1268 324 1332 ἀναπτύσσων
347 1268 483 1351 διελέγχει
505 1269 628 1343 τούτους
646 1262 680 1331 εὖ
699 1271 777 1350 μάλα
800 1271 935 1349 φάσκωνξ
959 1271 1036 1334 εἰδὲ
1054 1278 1180 1351 φιλο-ιο

121 1372 246 1446 νεικεῖς,
277 1361 459 1447 ὦἸουδαῐε,
487 1365 553 1447 περὶ
576 1376 628 1428 τοῦ
651 1366 765 1449 τέλους,
793 1366 852 1429 άπὸ
873 1379 933 1430 τῶν
955 1371 1139 1447 φθασάντων

123 1466 264 1545 μάνθανε
291 1464 341 1526 καί
368 1464 404 1525 τὰ
425 1464 566 1547 παρόντα.
611 1465 715 1527 σκόπει
737 1466 806 1548 γάρ’
833 1465 958 1547 κατέβης
980 1467 1022 1540 είς
1045 1468 1139 1549 Αἴγυ-

122 1586 211 1642 πτον,
232 1557 296 1624 ἀλλ’
317 1561 451 1643 ἐγένοντο
471 1562 520 1642 ἐτη
539 1560 581 1643 σ’,
599 1561 649 1624 καλ
666 1562 775 1645 ταχέως
792 1581 824 1625 σε
842 1573 895 1644 τῆς
913 1566 1048 1639 δουλείας
1066 1565 1080 1628 ἐ
1113 1568 1139 1627 ί-

125 1685 183 1740 νης
215 1658 231 1721 δ
263 1661 336 1734 θεὸς
368 1659 514 1740 ἀπήλλαξε
544 1662 648 1741 καίπερ
680 1660 844 1742 ἀσεβοῦντα
875 1661 925 1723 καλ
957 1664 1140 1744 πορνεύοντα

122 1760 267 1841 πορνείαν
290 1758 345 1838 τήν
367 1759 580 1838 χαλεπωτάτην.
616 1757 789 1840 ἀπηλλάγης
806 1760 963 1842 Αἰγύπτου
981 1760 1031 1822 καλ
1048 1780 1140 1843 προσ·
1154 1783 1180 1822 15

122 1858 272 1936 εκύνησας
295 1856 415 1937 μόσχον,
437 1856 550 1929 ἔθυσας
572 1856 642 1929 τούς
659 1857 746 1931 υἱούς
762 1856 813 1919 καλ
831 1857 882 1931 τὰς
899 1857 1065 1940 θυγατέρας
1083 1878 1139 1921 σου

124 1962 166 2039 τῷ
185 1953 357 2036 Βεελφεγὼρ
380 1953 430 2015 καὶ
452 1960 513 2028 τοῖς
537 1956 713 2035 δαιμονίοις,
735 1954 787 2016 τὸν
809 1955 884 2017 ναὸν
906 1955 1061 2036 ἐμύλυνας,
1084 1956 1138 2035 τήν

123 2053 221 2131 φύσιν
247 2050 410 2133 ἠγνόησας,
438 2051 473 2113 τὰ
501 2050 570 2133 ύρη,
602 2051 654 2126 τὰς
680 2052 792 2134 νάπας,
819 2053 889 2127 τούς
915 2053 1059 2133 βουνούς,
1086 2053 1139 2128 τὰς

122 2150 237 2232 πηγάς,
265 2149 334 2223 τούς
356 2150 522 2231 ποταμούς,
545 2150 614 2224 τούς
636 2150 754 2229 κήπους
775 2160 834 2211 τῶν
857 2161 998 2231 μυσαρῶν
1020 2157 1138 2212 θυσιῶν

122 2248 307 2329 ἐπλήρωσας,
321 2247 477 2330 προφήτας
490 2248 630 2327 ἔσφαξας,
644 2248 843 2328 θυσιαστήρια
856 2247 1062 2329 κατέστρεψας,
1076 2259 1137 2310 πᾶν
1152 2271 1179 2311 το

122 2341 205 2419 εἶδος
227 2346 331 2419 κακίας
354 2344 482 2425 ἐπῆλθες
504 2344 553 2406 καὶ
576 2355 676 2406 πᾶσαν
698 2343 866 2427 ὑπερβολήν
888 2345 1024 2421 ἐπεδείξω
1042 2369 1137 2427 πονη-

123 2445 192 2524 ρίας
218 2443 268 2505 καλ
294 2442 436 2524 ἀσεβείας.
481 2436 544 2503 ἀλλ’
570 2443 650 2522 ὅμως
678 2440 709 2504 ο’
731 2442 781 2522 ἐτη
808 2460 840 2504 σε
863 2444 1015 2525 παραδοὺς
1037 2446 1137 2525 Βαβυ·

122 2543 244 2615 λωνίοις
265 2542 354 2602 πάλιν
377 2540 425 2603 ἐπὶ
447 2541 502 2620 τήν
525 2540 670 2623 προτέραν
691 2541 876 2623 ἐπανήγαγεν
893 2541 1066 2623 ἐλευθερίαν
1088 2539 1137 2604 καί

197 2710 213 2756 2
232 2704 287 2758 Joe.
302 2702 385 2758 Asch.
400 2702 464 2771 XII,
479 2709 539 2757 322.
560 2736 593 2744 —
613 2709 682 2759 5-8
701 2703 802 2759 Euseb.
817 2704 851 2757 H.
866 2704 933 2759 eccl.
948 2704 999 2773 111,
1014 2710 1043 2773 8,
1058 2711 1082 2759 8.
1102 2738 1137 2746 —

125 2780 160 2829 ιο
178 2774 280 2830 Ρεωω.
297 2777 501 2845 105(106)‚3‘1.

198 2923 212 2971 1
232 2916 326 2987 μόνων
339 2917 365 2971 V
378 2934 412 2971 m.
428 2922 443 2971 1
463 2933 530 2973 συντ.
545 2934 579 2971 ex
593 2914 688 2986 μόνον.
711 2914 799 2987 μόνον
813 2917 861 2971 ΑΕ
868 2917 949 2971 LPR.
965 2949 998 2958 -
1018 2924 1034 2971 2
1054 2917 1136 2973 ἐννέα

122 2990 237 3056 ἀνδρῶν
255 2988 315 3043 LM.
340 3021 373 3029 —
397 2989 446 3043 καλ
469 2988 504 3057 δή
522 2988 576 3042 ΝΡ
604 2989 652 3042 καλ
675 2987 711 3057 δὴ
734 2988 783 3042 καλ
800 2987 978 3043 ΑΒΟΕΕῚΝ
1003 2990 1052 3043 καλ
1074 2998 1135 3059 (om.

122 3058 171 3129 δή)
185 3060 218 3114 R.
234 3092 267 3100 —
283 3066 298 3113 3
317 3078 346 3114 τε
362 3077 412 3115 om.
427 3059 568 3113 BFLMR.
583 3066 649 3113 -4
667 3058 719 3128 τήν
736 3068 786 3114 τοῦ
805 3062 867 3113 δαν.
883 3059 936 3113 AN
940 3060 972 3113 R.
989 3092 1022 3103 -
1037 3060 1136 3128 δανιή-

122 3134 174 3186 λου
193 3130 303 3185 LPJos.
323 3130 423 3200 δανιὴλ
441 3130 501 3185 τελλ.
521 3164 555 3171 -
575 3136 590 3184 5
609 3128 795 3199 τετρακοσίων
810 3130 1021 3200 δγδοήκονταλ*
1041 3150 1136 3200 τετρα-

123 3199 227 3256 κοσίων
251 3202 283 3256 R.
308 3234 341 3242 —
370 3202 519 3272 6τετάρτη
538 3201 596 3256 BF.
621 3234 654 3241 -
684 3207 739 3255 7.8
758 3201 791 3270 μ’
810 3202 855 3271 ἐτη
878 3202 937 3256 RV.
961 3235 996 3242 —
1023 3202 1136 3272 θήμῶν

122 3290 175 3329 om.
191 3273 218 3327 N
235 3281 261 3329 et
277 3273 303 3327 R
320 3275 369 3344 qui
404 3282 498 3341 ριστού
517 3290 571 3343 pro
589 3270 690 3341 κυρίου
710 3273 842 3328 exhibent.
867 3304 900 3313 -
926 3278 959 3327 10
978 3277 1137 3344 φιλονεικῆς

122 3344 169 3398 LP
192 3347 345 3414 φιλονικεῖς
423 3345 448 3398 R
471 3347 617 3414 φιλονικῆς
639 3345 669 3398 F.
693 3376 728 3384 -—
756 3350 789 3397 16
812 3343 893 3408 υἱούς
914 3361 966 3399 σου
988 3343 1015 3397 Ν
1019 3344 1077 3399 RV.
1102 3376 1136 3386 —

122 3422 158 3471 21
178 3417 304 3484 ὑπῆλθες
322 3415 377 3470 CF.

197 3556 211 3603 1
227 3551 438 3617 διαπιπρᾶσθαι
452 3549 474 3603 Ρ
488 3551 715 3621 (διαπεπρᾶοθαι
723 3548 807 3618 Em).
818 3579 853 3588 —-
867 3553 883 3601 5
902 3547 950 3601 καλ
965 3546 1034 3601 ὀκτὼ
1049 3546 1135 3599 Ρδοε.

123 3652 158 3661 -
178 3626 193 3673 ’ί
214 3620 260 3675 ἐπὶ
277 3620 341 3675 υἱοῦ
361 3620 533 3675 ἐσπασιανοῦ
552 3621 581 3674 P.
603 3652 636 3661 -
655 3626 671 3673 9
691 3619 958 3690 ἐπεργαστικὼτερου
976 3616 1006 3669 Ρ.
