2617 3909
185 183 251 249 440
499 187 686 239 ΓΕΩΡΓΙΟΥ
703 189 885 240 ΜΟΝΑΧΟΤ

185 333 235 407 υε’ς
265 357 341 408 τινες
372 334 595 414 ἀναπέμπονται
626 336 701 416 πρὸς
733 335 811 415 ζωήν
842 332 929 415 ήμῶν
959 336 995 397 αι’
1022 334 1116 418 πηγαί
1149 336 1204 397 καί

186 432 295 507 παντὸς
318 434 405 513 ζώου,
428 427 483 512 ἀφ’
505 426 541 495 ού
564 432 614 494 καί
636 432 673 494 τά
690 432 789 515 θερμδι
806 432 975 515 ἀνάγονται.
1020 433 1069 495 καί
1090 434 1127 495 τὰ
1145 433 1203 513 μὲν

185 530 358 612 πορρωτέρω
381 540 434 592 τοῦ
456 532 534 593 κάτω
556 530 651 613 πυρὸς
678 530 824 611 ἀπέχοντα
845 533 972 616 προνοίηι
994 538 1071 593 θεοῦ
1093 531 1204 593 ἀναδί-

185 630 288 691 δονται
309 628 485 710 ψυχρότερα,
515 628 550 689 τά
572 626 605 690 δέ
627 631 754 708 πλησίον
776 638 829 691 τοῦ
851 628 946 711 πυρὸς
968 628 1085 691 έκεΐθεν
1108 628 1202 691 έιιπυ-

158 728 314 808 τρούμενα
337 726 438 800 ζέοντα
460 728 526 789 λίαν
548 725 759 808 ἀναφέρονται,
781 727 837 789 ὅσα
858 725 891 789 δὲ
914 726 950 789 ού
973 727 1051 789 πολύ
1071 728 1203 806 πλησιά-

186 827 268 898 ζουσι
290 823 323 885 τὸ
345 834 405 905 πῦρ
428 825 523 887 ῦδατα
544 823 648 906 γλιαρδι
670 824 703 887 ἕν
723 843 782 886 τισι
803 825 905 898 τόποις
926 824 1103 898 ἐξάλλονται.
1149 825 1203 886 καὶ

185 920 217 983 τὸ
246 920 299 1001 μέν
325 920 464 984 ὑποκάτω
490 932 544 1002 τῆς
568 932 623 1003 γής
649 932 710 1002 πῦρ
736 923 931 1004 κολαστήριόν
957 922 1018 985 έστι
1045 924 1202 1001 δαιμόνων

185 1018 235 1080 καὶ
261 1018 441 1101 ἁμαρτωλῶν
465 1019 652 1102 ἀνθρώπων,
679 1020 712 1081 τὸ
736 1018 768 1081 δὲ
789 1020 955 1081 κατώτατον
978 1021 1059 1102 ύδωρ
1082 1022 1201 1101 ψυχρό-

185 1140 272 1179 τατον
294 1116 330 1180 δν
352 1117 402 1179 καί
425 1119 468 1191 είς
490 1119 605 1199 βώλους
629 1118 810 1199 κρυστάλλου
832 1119 978 1199 πεπηγός,
1006 1115 1023 1179 δ
1046 1117 1096 1179 καί
1122 1120 1201 1198 Τάρ-

145 1239 171 1279 1⁰
184 1239 271 1296 ταρος
294 1214 418 1298 λέγεται,
443 1215 673 1298 βασανιστήριόν
695 1216 773 1278 ἐστιν
796 1214 935 1289 ὡσαύτως
957 1214 1007 1277 καί
1028 1224 1116 1277 τοῦτο
1140 1226 1201 1277 τῶν

185 1313 225 1393 μή
249 1315 444 1392 φυλαξάντων
466 1313 518 1388 τὰς
540 1313 660 1388 έντολάς
681 1315 797 1395 κυρίου.
834 1313 879 1375 ότι
896 1311 928 1375 δὲ
946 1323 1007 1394 πῦρ
1024 1314 1104 1375 ἔστιν
1122 1313 1199 1375 ύπο-Ἱ

183 1412 261 1473 κάτω
293 1421 345 1491 τῆς
377 1420 446 1493 γῆς,
478 1411 605 1473 πειθέτω
633 1429 665 1473 σε
691 1411 724 1472 τὸ
753 1411 786 1473 έν
809 1412 930 1495 Σικελίᾳ
956 1410 1007 1473 καί
1033 1411 1067 1473 έν
1094 1413 1198 1495 Λυκίη
1275 1419 1276 1494 J

183 1518 347 1589 προφανῶς
368 1508 585 1588 ἀναδιδόμενον
607 1508 657 1570 καί
680 1508 780 1587 μέντοι
800 1510 851 1571 καί
869 1509 902 1571 έν
919 1507 1018 1583 ἀλλοις
1039 1510 1200 1589 διαφόροις
1275 1557 1276 1594 ÷

184 1606 285 1679 τόποις
308 1604 417 1685 ὁμοίως
440 1607 713 1686 παραδεικυύμενον
735 1616 796 1688 πῦρ
818 1608 861 1680 είς
883 1608 938 1687 τήν
961 1606 1095 1687 φοβεράν
1117 1607 1198 1689 γεέν·
1275 1639 1276 1672 ο

145 1726 170 1767 15
184 1727 241 1764 ναν
266 1704 422 1784 προδήλως
448 1704 562 1777 πάντας
588 1709 763 1784 κατακαίον,
791 1705 856 1767 ὅσοι
877 1704 913 1765 τὰ
934 1713 988 1766 τοῦ
1009 1704 1106 1785 πυρὸς
1128 1704 1199 1787 ἔργα
1275 1777 1276 1802 ρ

183 1801 373 1882 πεπράγασιν.
418 1799 485 1883 περὶ
512 1794 549 1862 ού
577 1801 627 1863 καί
654 1800 670 1863 δ
698 1800 788 1884 μέγας
810 1806 950 1881 Μωῦσής
976 1802 1009 1864 έκ
1035 1803 1197 1882 προσώπου
1275 1859 1276 1866 ,

183 1908 236 1960 τοῦ
263 1905 339 1960 θεοῦ
367 1916 473 1979 φησιν·
505 1900 549 1961 ότι
571 1908 630 1979 πῦρ
658 1898 829 1962 ἐκκέκαυται
855 1900 889 1962 έκ
915 1909 969 1961 τοῦ
995 1906 1100 1979 θυμοῦ
1127 1924 1197 1980 μου,
1275 1901 1276 1956 ἔ

182 1998 366 2076 καυθήσεται
388 1996 443 2070 ἕως
466 1992 542 2082 ᾅδου
565 1998 742 2059 κατωτάτου.
788 1998 986 2079 καταφάγεται
1008 2007 1067 2079 γήν
1088 1997 1139 2059 καί
1162 1998 1197 2059 τά

182 2096 331 2177 γενήματα
350 2094 452 2176 αὐτῆς,
472 2094 569 2173 φλέξει
587 2094 710 2175 θεμέλια
727 2093 828 2178 ὀρέων.
866 2096 943 2157 ούτω
957 2093 990 2157 δέ
1007 2094 1059 2157 καί
1073 2089 1196 2169 Ἡσαΐας
1275 2119 1276 2166 η

144 2216 170 2255 το
183 2196 360 2276 προφαίνων
392 2193 558 2275 διαρρήδην
590 2199 651 2268 τοῖς
682 2191 865 2274 άμαρτωλοῖς
892 2194 948 2274 τήν
974 2193 1119 2274 ἐσομένην
1146 2193 1196 2255 καὶ

116 2352 117 2357 ,
182 2289 401 2371 ήτοιμοισμένην
431 2291 532 2365 αὐτοῖς
559 2290 610 2352 διὰ
636 2301 690 2353 τοῦ
717 2290 861 2372 ἀσβέστου
887 2292 982 2372 πυρὸς
1004 2292 1126 2354 κόλασιν
1149 2291 1196 2353 έκ-

183 2389 252 2472 βοᾷ·
276 2390 319 2462 τίς
342 2388 499 2471 ἀναγγελεῖ
515 2389 588 2468 ὑμῖν
612 2389 656 2451 ότι
678 2399 738 2469 πῦρ
759 2391 881 2469 καίεται,
903 2388 952 2450 καί
975 2391 1019 2463 τίς
1039 2388 1198 2471 ἀπαγγελεῖ

182 2485 255 2565 ύμῖν
277 2484 329 2548 τὸν
350 2486 442 2548 τόπον
464 2486 516 2547 τὸν
534 2487 672 2563 αίώνιου;
693 2488 857 2568 πορεύεσθε
875 2494 916 2569 τῷ
934 2486 1011 2566 φωτί
1029 2496 1082 2549 τοῦ
1100 2489 1195 2569 πυρὸς

182 2582 267 2663 ὑμῶν
298 2582 348 2645 καί
380 2592 414 2668 τῇ
447 2583 536 2665 φλογὶ
568 2572 589 2669 V
616 2584 794 2658 έξεκαύσατε.
844 2584 894 2646 καί
921 2584 1119 2658 ἐξελεύσονται
1145 2585 1193 2646 καί
1275 2579 1276 2620 ¹

143 2704 168 2744 τε
184 2678 310 2758 όψονται
342 2680 377 2742 τὰ
408 2685 488 2742 κῶλα
515 2690 574 2743 τῶν
601 2680 773 2763 ἀνθρώπων
799 2692 859 2743 τῶν
883 2682 1136 2763 παραβεβηκότων
1162 2682 1193 2744 ἐν

182 2778 256 2859 ἐμοί,
279 2778 353 2860 λέγει
375 2780 485 2860 κύριος.
532 2777 547 2841 ὁ
571 2777 626 2861 γάρ
650 2780 764 2859 σκώληξ
787 2779 885 2841 αὐτῶν
904 2780 941 2841 ού
959 2781 1122 2859 τελευτήσει
1144 2780 1191 2841 καί
1275 2785 1276 2844 3

184 2934 185 2939 ¹
254 2959 444 3029 161>eu2‚32
460 2966 502 3013 22.
522 2992 556 3001 -
576 2966 609 3014 22
628 2960 683 3015 σει.
700 2966 743 3027 33,
759 2965 863 3026 τηου,
879 2966 925 3028 11;
945 2965 988 3026 οε,
1003 2965 1045 3013 22.

253 3117 359 3190 θάπέχ
361 3139 440 3173 ουιαι
458 3120 569 3174 EV—
589 3117 759 3177 ἀναδίδοται
777 3114 932 3174 ODEFLR
954 3118 1189 3190 &voedtddusvoeV

181 3222 216 3230 —-
240 3196 255 3243 6
278 3190 309 3244 τὸ
332 3199 387 3257 πῦρ
411 3192 486 3245 ΑΒΡ
512 3196 551 3266 τῷ
573 3194 641 3258 πυρὶ
663 3192 840 3246 rell-12
865 3191 895 3245 ἐν
917 3199 950 3263 τή
974 3189 1079 3245 σικελία
1101 3191 1135 3245 Ν
1159 3224 1189 3233 -

183 3268 269 3316 1314
286 3260 384 3325 τόποις
398 3249 751 3330 διαφόροιςΕΡΙιΝΒμ-
772 3267 804 3316 19
823 3212 1189 3332 γεννήματΓαΒΒΡευί-

182 3339 214 3385 22
235 3333 322 3387 ότι-
331 3334 398 3402 ύμῖν
412 3350 461 3389 ουτ.
478 3334 583 3389 012-
596 3340 630 3387 22
645 3336 798 3405 ἀπαγγελεῖ
809 3333 885 3387 ΑΒΡ
903 3335 1051 3405 ἀναγγελεῖ
1062 3334 1122 3389 roll
1137 3334 1188 3388 δοε.

254 3500 287 3548 14
304 3494 354 3567 είς]
369 3497 418 3549 καὶ
431 3495 511 3549 Ρ
529 3501 561 3549 15
576 3494 685 3559 πάντας
698 3494 945 3563 ὑπομιμνήσκοντα
959 3494 1007 3547 Ρ
996 3512 1027 3549 ιιι
1040 3509 1094 3563 σου
1107 3513 1189 3547 κατα·

183 3574 308 3622 καῖου-
318 3565 496 3639 πεπράγασιν
514 3568 618 3621 deswnt.
