2617 3909
541 261 731 313 XPONIKON
1075 258 1141 323 583

127 430 236 482 ναντος
258 416 311 469 τοῦ
334 413 410 469 θεοῦ
432 408 567 469 τοιούτου
591 409 690 489 δώρου
713 407 881 487 ἀξιωθῆναι
903 406 955 469 τὸν
980 407 1141 488 Οόάλεντα,

131 505 293 567 Θεοδόσιον
315 503 347 567 δὲ
370 514 423 584 τῆς
446 505 594 585 εὐσεβείας
618 504 633 566 ό
657 504 729 579 θεὸς
752 505 944 586 ἀμειβόμενος
970 512 1142 587 μεταγαγεῖν

128 602 224 683 αὐτὴν
243 609 282 689 τῷ
295 605 409 683 βασιλεῖ
424 598 637 684 συνεχώρησεν,
655 601 695 682 ῆν
708 603 758 664 καί
772 604 805 665 έν
818 609 857 687 τῷ
864 597 1001 689 Ἑβδόμη)
1015 601 1141 665 ἀπέθετο

127 701 203 763 ναόν
226 706 384 781 περικαλλῆ
408 700 457 763 καὶ
481 700 615 783 μέγιστον
638 708 677 785 τῷ
696 702 855 788 προδρόμφ
879 702 1086 780 οἰκοδομήσας.

200 800 240 861 Τό
259 799 291 860 έν
303 793 504 883 Ἀλεξανδρείᾳ
523 800 602 882 ίερδν
618 810 677 862 τῶν
686 796 840 879 Ἑλλήνων
857 800 1002 878 Θεόφιλος
1019 799 1142 879 αἰτήσας
1169 820 1181 859 ο

131 896 293 959 Θεοδόσιον
316 896 475 979 έξεκάθηρε
499 896 549 958 καὶ
571 898 613 970 είς
631 896 788 977 ἐκκλησίαν
812 899 1028 977 μετεσκεύασεν,
1051 897 1087 957 τδι
1109 896 1142 959 δὲ

127 1005 187 1057 τῶν
200 990 353 1074 Ἑλλήνων
376 995 584 1075 έδημοσίευσεν
603 993 697 1077 όργια,
721 997 853 1073 φαλλοὺς
873 996 923 1056 καὶ
941 997 1012 1057 εἴτι
1029 996 1142 1057 τούτων

128 1092 331 1176 ἀσελγέστερόν
352 1116 381 1155 τε
404 1093 453 1155 καὶ
476 1094 678 1174 βεβηλότερον,
714 1093 785 1174 ὅπερ
807 1093 992 1174 καταπλαγὲν
1014 1095 1046 1156 τὸ
1067 1099 1142 1172 πλῆ-

128 1198 187 1264 θος
209 1200 268 1253 τῶν
287 1184 437 1271 Ἑλλήνων
465 1192 590 1273 μυρίους
617 1190 732 1268 φόνους
759 1191 921 1272 εἰργάσατο.
967 1191 1037 1263 τοὺς
1058 1214 1142 1272 γενο-

129 1288 238 1368 μένους
256 1290 371 1368 φόνους
390 1288 497 1368 μαθὼν
518 1270 675 1361 Θεόδόσιος
689 1288 761 1361 τοῦς
780 1287 834 1367 μὲν
851 1287 1063 1370 ἀναιρεθέντας
1080 1312 1141 1369 χρι-
1157 1312 1182 1351 ιο

128 1387 267 1461 στιανοδς
289 1387 464 1468 έμακάρισεν
491 1384 531 1459 ὡς
558 1384 632 1467 όπέρ
655 1386 804 1467 εὐσεβείας
828 1384 1054 1467 ἀναιρεθέντας,
1081 1392 1143 1458 τοῖς

129 1483 162 1547 δὲ
178 1480 301 1565 Ἕλλησι
328 1490 512 1571 παραχωρεῖν
539 1484 742 1565 ἐπηγγείλατο,
770 1484 797 1545 εί
822 1483 897 1565 πρὸς
922 1485 1142 1565 χριστιανισμόν

129 1584 325 1664 μεταβάλοιεν,
377 1582 412 1644 τά
444 1582 543 1662 μέντοι
575 1581 638 1664 ίερδι
667 1582 703 1642 τὰ
724 1577 884 1661 Ἑλληνικὰ
919 1588 1142 1663 καθαιρεθῆναι
1155 1606 1195 1646 ιιι
1209 1605 1239 1644 ιι.

128 1679 286 1763 προσέταξε
308 1680 358 1742 καὶ
381 1680 450 1754 τοῦς
469 1680 560 1754 θεοὺς
582 1686 775 1761 χιονευθῆναι
795 1679 845 1741 καλ
868 1680 910 1754 είς
928 1680 1067 1760 δαπάνην
1091 1682 1142 1742 δο·

128 1786 224 1859 θῆναι
253 1784 314 1853 τοῖς
345 1778 477 1858 πένησιν.
525 1788 577 1840 τοῦ
606 1787 683 1841 ναοῦ
714 1788 767 1841 τοῦ
795 1778 969 1859 Σαράπιδος
995 1777 1142 1859 λυομένου
1157 1802 1182 1843 15
1246 1839 1248 1842 ,

128 1876 322 1958 ίερογλυφικδι
348 1877 502 1958 γράμματα
529 1875 699 1958 εὑρέθησαν
725 1886 862 1958 σταυρῶν
888 1876 991 1957 ἔχοντα
1019 1876 1142 1955 τόπους,

128 1974 383 2056 άπερθεασάμενοι
406 1976 437 2035 οἱ
460 1974 490 2049 ἐξ
508 1970 661 2054 Ἑλλήνων
683 1976 929 2056 χριστιανίσαντες
951 1974 1067 2052 ἔφασαν
1090 1990 1144 2053 ση-

129 2074 245 2152 μαίνειν
263 2072 315 2135 τὸν
328 2072 456 2153 σταυρόν
473 2072 553 2153 παρδι
571 2078 632 2145 τοῖς
646 2071 838 2154 ίερογλυφιιιδι
855 2071 1034 2152 γινώσκουσι
1050 2072 1143 2153 γράμ-

129 2193 205 2249 ματα
228 2170 307 2248 ζαῆν
329 2168 534 2250 ἐπερχομένην.

196 2266 272 2349 Περί
303 2276 355 2329 τοῦ
383 2278 458 2329 ναοῦ
491 2277 544 2330 τοῦ
571 2268 758 2350 Σαράπιδος,
786 2259 823 2327 οὗ
850 2272 969 2327 καθεῖλε
1000 2266 1144 2343 Θεόφιλος
1157 2290 1183 2328 ιο

130 2364 146 2426 ό
170 2363 394 2446 ἀρχιεπίσκοπος
422 2365 478 2426 σὺν
505 2372 544 2450 τῷ
564 2366 661 2449 ξοάνῳ
688 2364 796 2444 αιἰτοῦ,
825 2373 932 2426 τοῦτον
955 2365 987 2425 οί
1006 2361 1060 2443 μέν
1083 2364 1143 2425 Δία

129 2463 262 2540 ἔφασκον
284 2456 374 2542 είναι,
402 2464 434 2523 οἱ
454 2461 485 2523 δὲ
508 2463 560 2525 τὸν
582 2466 695 2523 Νεῖλον
722 2460 773 2523 διδι
799 2463 831 2525 τὸ
859 2462 911 2533 τόν
934 2462 1040 2541 μόδιον
1068 2462 1143 2543 ἔχειν

130 2560 163 2621 ἐν
185 2568 221 2645 τῆ
244 2566 358 2644 κεφαλῆ
381 2559 431 2621 καί
454 2560 505 2622 τὸν
526 2569 624 2641 πῆχυν
646 2558 743 2642 ῆγουν
765 2561 797 2623 τὸ
820 2569 874 2622 τοῦ
896 2561 1005 2633 λίδατος
1027 2559 1143 2641 με’τρον,

129 2656 213 2720 άλλοι
240 2656 272 2720 δέ
299 2657 350 2719 τόν
375 2655 516 2739 ἡμέτερον
536 2652 656 2739 Ἰωσήφ,
684 2657 776 2740 ἕτεροι
803 2656 835 2720 δὲ
850 2657 941 2720 ’Ἆπιν
968 2659 1034 2719 τινὰ
1060 2681 1143 2740 γεγο-

202 2845 308 2908 ιο-ρ.
323 2844 384 2907 εει,
401 2844 434 2892 10
452 2838 544 2892 Rufin.
559 2839 591 2907 11,
606 2844 648 2893 τε.

203 3005 218 3053 5
237 3000 286 3053 καλ
304 2998 335 3053 τὸ
356 2999 386 3055 έν
404 2999 427 3051 Β
449 2999 480 3054 ιδ
501 3000 532 3053 δὲ
551 2999 582 3053 έν
600 2998 682 3052 FRV.
699 3032 732 3040 -
751 2998 888 3068 θεόφιλος
901 2998 1052 3052 ABPExo.
1076 2996 1143 3051 θεό-

130 3074 212 3141 φιλος
226 3069 241 3124 δ
256 3068 475 3141 άρχιεπίοιιοπος
487 3070 547 3125 rell.
563 3102 597 3109 —
613 3076 628 3124 6
644 3070 796 3140 ἐξεκάθηρε
811 3069 963 3124 OERExo.
988 3069 1145 3138 έξειιάθαρε

129 3140 260 3195 ΒΒΕῚΝ
282 3140 406 3211 ἐκάθηρε
424 3142 456 3195 A.
477 3173 510 3182 -
535 3140 693 3209 ’ίφάλλους
709 3141 757 3195 AP
781 3143 888 3211 φαλοδς
905 3140 933 3195 C.
959 3173 992 3181 -
1016 3146 1031 3195 9
1051 3139 1144 3210 εἰργά-

130 3230 216 3269 σαντο
235 3212 291 3267 ΒΟ.
317 3244 350 3253 -
373 3214 439 3275 τοῦς
461 3214 491 3268 δὲ
515 3232 571 3283 γεν.
590 3211 641 3265 RV
663 3213 730 3275 τοὺς
747 3232 803 3282 γεν.
823 3211 855 3267 δὲ
873 3212 930 3266 BF.
950 3244 985 3253 —
1010 3218 1043 3265 13
1062 3232 1144 3281 μετα-

130 3284 242 3357 βάλοιεν
261 3283 391 3337 ΒΕῈῚιΒ,
400 3284 466 3338 Exc.
490 3282 666 3355 μετεβάλοιευ
683 3283 703 3338 G
722 3283 919 3355 μεταβάλλοιεν
937 3283 986 3337 BV
1009 3282 1144 3354 μεταβάλ-

129 3358 205 3410 λοιτο
224 3356 255 3409 Α.
276 3386 309 3395 -—
330 3360 362 3409 15
382 3363 432 3410 τοῦ
452 3354 482 3411 δὲ
501 3354 613 3409 ναοῦλΓ
630 3363 681 3408 τοῦ
700 3362 772 3408 ναοῦ
791 3354 822 3409 δὲ
841 3353 864 3406 Β
886 3356 935 3408 καλ
953 3362 1003 3408 τοῦ
1022 3363 1094 3408 ναοῦ
1112 3353 1143 3407 F.

130 3458 163 3466 -
183 3426 338 3494 σαράπιδος
351 3426 429 3480 DPV
438 3426 504 3479 Exn,
519 3425 595 3479 Suid.
610 3444 634 3481 υ.
645 3422 778 3492 Στανροί.
803 3423 953 3491 σεράπιδος
966 3424 1145 3479 ABGEFLR

129 3501 194 3552 ι’ίιιιι
211 3515 235 3552 ο.
251 3503 292 3551 20.
313 3530 346 3539 -
368 3504 400 3552 16
416 3497 536 3565 σταυρὸν
550 3497 576 3550 R
595 3504 717 3564 σταυροῦ
731 3496 755 3549 Β
774 3500 906 3566 (σταυροῦ
924 3497 1015 3551 τόπου
1028 3495 1142 3563 PExc.).

130 3600 166 3609 —-
186 3574 219 3622 22
237 3568 288 3624 τόν
306 3576 370 3624 ουλε
388 3568 487 3639 μόδιον
510 3586 561 3624 om.
580 3567 641 3622 ER.
666 3599 701 3607 -
724 3573 758 3621 23
776 3568 827 3623 τόν
845 3574 937 3637 πῆχυν
955 3566 1006 3620 AV
1022 3567 1098 3621 Suid.
1117 3582 1143 3619 υ.

131 3639 270 3709 Σάραπις.
307 3639 358 3709 τὴν
377 3647 469 3711 πῆχυν
487 3638 622 3693 ΒίλΙλλδλἸ
645 3646 739 3709 πῆχυν
757 3639 790 3695 R.
