2617 3909
183 266 249 332 564
493 269 680 321 τοιουτου
697 270 880 321 »mmor

182 415 300 501 ἀδελφῷ
324 416 510 495 διεφύλαξεν,
536 417 685 503 Θεοδοσίρτ
714 415 746 478 δέ
772 416 828 496 την
854 426 908 497 τῆς
929 416 1076 497 ἀνατολῆς
1104 441 1201 498 φρον-

182 517 248 577 τίδα
266 513 431 596 ἐπέτρεψεν.
469 514 561 575 πολλὰ
580 512 612 577 δέ
630 515 758 595 εὐσεβῶς
776 514 827 576 καί
843 516 987 597 γενναίως
1003 517 1201 595 κατορθώσας

183 612 199 675 δ
218 612 382 694 Γρανιανὸς
404 612 485 693 παρὰ
507 614 654 692 Μαξίμου
677 622 732 674 τοῦ
754 614 903 693 τυράννου
925 619 989 687 ταῖς
1011 616 1202 695 Βρεττανίαις

182 711 398 783 ἐπαναστάντος
430 706 471 771 δι’
501 708 710 792 ἀνδραγαθίαν
742 711 795 773 τοῦ
827 711 937 785 δουκδς
967 710 1000 772 ἐν
1030 712 1202 795 Λουγδόνψ

156 808 262 889 σπορὰ
293 818 352 869 τῶν
385 808 469 869 ἰδίων
501 807 663 889 προδοθείς
695 813 806 887 μᾶλλον
833 807 854 889 ἢ
881 810 933 893 βίμ
964 818 1024 870 τῶν
1050 810 1202 887 πολεμίων

182 904 337 985 συσχεθεὶς
359 904 504 989 ἀνηρέθη,
1135 926 1138 929 ’

252 1002 498 1077 Οὐαλεντινιανδς
521 1002 553 1065 δὲ
577 1002 592 1065 δ
616 1005 722 1065 τούτου
745 1003 874 1082 ἀδελφὸς
901 1003 933 1065 ἐν
953 1000 1058 1088 Ἰταλία
1086 1004 1201 1086 διάγων

182 1100 241 1162 ὑπὸ
264 1110 317 1180 τῆς
340 1110 458 1183 σφαγῆς
481 1111 534 1163 τοῦ
556 1100 689 1179 ἀδελφοῦ
716 1102 766 1163 καί
789 1092 842 1163 τοῦ
865 1103 965 1182 φόβου
992 1111 1047 1163 τοῦ
1068 1101 1202 1181 πολέμου

182 1198 325 1279 πτοηθείς
352 1199 486 1279 είρῆνην,
514 1199 593 1283 αὐτῷ
617 1193 691 1260 καθ’
712 1199 870 1281 ὑπόκρισιν
892 1201 1092 1280 προταθείσης
1118 1200 1201 1280 παρὰ

143 1317 169 1356 το
183 1299 339 1378 Μαξίμου,
358 1295 408 1357 καί
426 1296 515 1370 αὐτὸς
533 1296 771 1379 ὑποκρινάμενος
787 1295 881 1377 ἡδέως
895 1295 1020 1371 ἐδέξατο.
1055 1291 1201 1358 Ἰουστίνα

183 1394 215 1457 δέ
232 1397 295 1459 τότε
313 1392 333 1475 ἡ
353 1395 450 1476 μήτηρ
469 1395 561 1457 αὐτοῦ
582 1405 635 1475 τῆς
653 1404 713 1455 τῶν
729 1388 889 1478 ’Λρειανῶν
908 1394 1045 1476 αἱρέσεως
1067 1393 1102 1455 τδι
1122 1395 1201 1475 φάρ-

182 1517 261 1572 μακα
284 1502 336 1572 τῆς
354 1490 499 1573 ἀσεβείας,
522 1490 542 1552 ἀ
560 1491 714 1573 περιόντος
734 1502 787 1554 τοῦ
805 1491 915 1572 ἀνδρὸς
934 1492 1086 1572 ἔκρυπτεν,
1109 1492 1202 1571 εὐμα-

182 1600 241 1670 ρῶς
259 1588 443 1668 ἀπατηθέντι
462 1596 501 1673 τῷ
512 1590 567 1665 υἱῷ
584 1589 655 1668 μετὰ
670 1591 804 1671 θάρσους
818 1588 1020 1670 ἀπεκάλυψεν,
1036 1588 1086 1650 καί
1099 1590 1201 1651 πείθει

182 1686 273 1749 αὐτὸν
297 1684 347 1746 διά
370 1696 577 1767 στρατιωτικῆς
599 1687 695 1769 χειρὸς
717 1687 770 1751 τδν
788 1686 841 1767 μὲν
857 1683 1034 1771 Ἀμβρόσιον
1056 1686 1201 1748 ἀνθιστά-

142 1804 168 1844 το
183 1807 273 1862 μενον
291 1784 365 1867 αὐτῆ
383 1791 422 1868 τῷ
433 1782 516 1869 ὀρθῷ
529 1785 605 1869 λόγῳ
624 1795 678 1865 τῆς
692 1785 847 1865 ἐκκλησίας
861 1786 1062 1847 Μεδιολάνων
1080 1784 1201 1859 ἐξεώσαι

182 1880 231 1942 καί
258 1882 301 1955 εἰς
328 1881 444 1963 ἐξορίαν
471 1882 603 1963 πέμψαι,
635 1884 690 1963 τῆν
718 1883 876 1963 ἐκκλησίαν
907 1880 938 1945 δέ
967 1884 1123 1964 διαρρῆξαι
1150 1883 1202 1944 καί

182 1985 318 2060 πολεμεῖν
345 1980 381 2041 τὰ
410 1981 486 2062 ἀγια.
534 1982 702 2062 Βενῆβολος
729 1979 761 2042 δὲ
788 1980 852 2043 τότε
880 1979 968 2062 μέγας
995 1980 1029 2043 ἐν
1056 1979 1202 2059 ἀξιώμασι

182 2084 245 2152 ταῖς
272 2077 442 2159 ὑποσχέσεσι
470 2088 523 2158 τῆς
550 2079 702 2159 βασιλίδος
735 2078 775 2158 μῆ
807 2079 887 2153 εἴξας
913 2089 966 2157 τῆς
993 2087 1202 2160 στρατιωτικῆς

183 2176 278 2255 ζώνης
301 2176 350 2237 καί
373 2187 432 2238 τῶν
451 2175 625 2255 ἀξιωμάτων
648 2175 705 2254 τὴν
727 2174 894 2257 δρθόδοξον
916 2177 1015 2236 πίστιν
1037 2176 1201 2256 προκρίνας

143 2294 169 2333 εο
182 2280 243 2347 τοῖς
266 2273 337 2335 ποσί
359 2284 418 2334 τῶν
437 2272 581 2354 βασιλέων
600 2274 654 2353 τῆν
673 2273 780 2336 ἑαυτοῦ
799 2274 896 2352 ζώνην
914 2272 1086 2355 ἀπέρριψεν.
1127 2274 1202 2333 Μά-

183 2372 266 2450 ξιμος
290 2370 321 2432 δὲ
345 2369 361 2433 δ
382 2372 528 2453 τύραννος
550 2369 649 2433 θέλων
672 2371 705 2433 τὸ
728 2381 781 2433 τοῦ
803 2372 954 2453 τυράννου
976 2368 1082 2450 άτιμον
1106 2369 1202 2448 ὄνομα

183 2468 367 2529 ἐκδύσασθαι
390 2466 440 2529 καί
463 2468 590 2547 νόμιμον
613 2468 719 2532 ἑαυτὸν
742 2469 946 2542 ἐπιδείξασθαι
964 2466 1084 2549 βασιλέα
1107 2468 1202 2550 γράμ-

86 2588 126 2626 ιοο
140 2586 169 2625 M.
185 2588 261 2643 ματα
279 2563 434 2644 ἐκπέμψας
454 2565 486 2626 τὸ
506 2564 608 2646 ἀσεβές
627 2565 798 2647 ἐπιχείρημα
815 2576 869 2645 τῆς
883 2560 1046 2644 Ἰουστίνης
1063 2563 1201 2642 ἀπεφαύ-

185 2664 241 2734 λιζε
264 2660 314 2722 καί
334 2662 366 2723 τὸ
385 2667 578 2740 πολεμεῖσθαι
601 2663 656 2743 τὴν
674 2665 774 2725 πίστιν
797 2672 849 2724 τοῦ
872 2669 948 2724 θεοῦ
970 2662 1020 2723 καί
1038 2662 1093 2741 τῆν
1111 2662 1201 2722 κατά-

257 2848 343 2897 τ-ττ
362 2843 452 2896 Rufin.
468 2842 502 2911 Π,
518 2850 559 2897 τε.
579 2874 612 2882 -
633 2849 738 2913 ιτ-μ.
754 2849 846 2911 ποατ
865 2842 1063 2910 Rufin.11,1e.

257 3010 272 3056 3
292 3001 441 3073 μαξιμίνου
455 3003 535 3056 BFM
553 3004 616 3058 item
633 3022 658 3058 υ.
676 3009 716 3057 10.
735 3034 771 3043 —
789 3018 840 3072 per
853 3001 1080 3071 Andragathium
1098 3002 1199 3055 ducem
1306 3015 1307 3038 ³

185 3074 258 3140 Rus„
277 3076 324 3129 sed
342 3076 464 3130 codicum
482 3076 604 3129 omnium
625 3082 650 3129 et
667 3091 737 3129 εωοο.
754 3074 787 3129 de
799 3075 912 3129 ι’νιοιλίτω
929 3089 1074 3128 τοκοικοιιε
1091 3074 1202 3128 demon-

185 3150 254 3199 strat
274 3147 386 3216 θεονγιϊ
404 3163 457 3201 οεεε
475 3162 598 3200 errorem.
618 3177 653 3185 -
672 3152 689 3198 4
708 3143 832 3217 λογδόνῳ
851 3144 873 3197 Β
896 3144 1057 3216 λουγδοάνῳ
1076 3142 1157 3197 FMR
1174 3150 1202 3197 et

186 3234 219 3269 ιιι.
234 3220 254 3270 2
267 3216 332 3271 Exe.
353 3249 388 3256 -
412 3223 427 3270 5
447 3214 464 3285 ἢ
483 3214 575 3291 βίμΑ
598 3232 685 3283 ηαυπτ
702 3215 731 3269 vi
749 3215 813 3269 Rus.
842 3216 873 3269 δέ
892 3213 941 3290 βίᾳ
960 3215 982 3268 F
1004 3215 1053 3268 καί
1072 3211 1120 3286 βία
1137 3214 1199 3269 rell.
1305 3231 1306 3240 ¹

64 3337 67 3341 ,
187 3286 267 3339 codd.
297 3287 346 3340 και
369 3287 418 3341 αα
436 3286 501 3341 παι.
526 3320 559 3328 -
587 3285 773 3355 ειπεμιιω
796 3286 886 3341 hostis
905 3286 969 3340 μω.
993 3318 1028 3326 -
1052 3292 1067 3339 ο
1089 3268 1202 3354 fleme

186 3356 309 3411 FVExe.
330 3356 477 3481 εἰρῆνηΒΜ.
493 3391 526 3399 -—
548 3364 580 3412 10
600 3356 821 3427 ὑποκρινόμενος
834 3357 956 3411 AFExc.
974 3389 1007 3397 -
1028 3358 1152 3412 ίουστῖνοὶ
1167 3356 1198 3410 Ε.

187 3459 220 3467 -
246 3435 278 3481 1ὁ
298 3427 398 3491 ἐξῶσαι
467 3428 593 3493 ἐξελάσαι
616 3428 653 3482 Μ.
683 3461 719 3469 —
748 3435 779 3483 17
800 3428 948 3500 βενήβολος
965 3428 1035 3481 AFL
1059 3425 1201 3499 βενίβολος

187 3498 294 3552 OENV
312 3500 534 3570 μενοάβουλοςΒ
553 3498 618 3568 μενέ
637 3503 700 3563 ολος
714 3500 746 3553 R.
767 3532 800 3540 —
819 3498 905 3569 μέγας
922 3516 972 3554 om.
988 3498 1049 3553 ER,
1065 3531 1098 3539 -
1118 3499 1201 3563 άξεώ-
1304 3495 1305 3520 ³

165 3615 167 3619 .
187 3588 252 3638 ματι
270 3569 356 3623 AER.
372 3602 406 3610 —
426 3576 459 3625 20
479 3502 645 3639 μαξιμιανδς
663 3571 685 3623 Β
704 3578 729 3625 et
747 3588 817 3625 τθοο.
832 3570 949 3693 ηωίδυιυ
967 3571 1114 3639 μαξιμῖνος
1128 3586 1200 3623 rece.

186 3638 246 3694 rell.
267 3673 300 3681 -
320 3646 353 3693 23
373 3638 536 3712 ἐπιχείρημα
554 3641 602 3694 AB
625 3641 769 3711 inceptum
787 3643 851 3696 Ru.
876 3640 922 3695 ἐπί
939 3641 999 3695 rell.
