2617 3909
540 253 729 305 XPONIKON
1074 251 1139 314 545

124 401 205 484 αύτῷ
225 399 280 479 τήν
303 402 481 480 Βαβυλῶνα,
509 399 559 460 καὶ
583 400 622 479 μή
647 397 764 484 χρῄζειν
791 404 907 461 πολλῶν
930 398 1140 479 ἀναλωμάτων,

124 499 220 573 εὐθὺς
248 498 300 572 τὰς
327 498 380 578 μὲν
408 499 462 578 τήν
485 498 602 579 τροφήν
624 507 677 559 τοῦ
700 502 774 559 λαοῦ
796 498 974 577 κομιζούσας
996 506 1071 570 ναῦς
1093 497 1107 558 ἐ
1126 534 1140 542 -

124 597 279 677 ειτύρισεν,
309 597 399 669 αύτδς
427 595 458 658 δὲ
482 595 531 656 διά
554 605 609 676 γῆς
632 593 722 680 ἀπήει
745 597 894 676 δυσβάτου
916 596 1141 676 ποδηγούμενος

124 695 184 756 ὑπὸ
212 703 265 756 τοῦ
293 693 462 767 ἀπατεῶνος
485 693 616 775 Πέρσου·
648 691 682 767 ὃς
708 693 853 773 ἐξαίφνης
880 692 1052 775 ἀποδράσας
1073 716 1141 754 κατ-

125 791 204 854 έλιπε
227 791 279 853 τὸν
302 792 470 873 εύρίπιστον
492 791 541 853 καί
567 792 755 870 κουφότατον
777 792 971 870 πλανώμενον
995 791 1065 870 μετὰ
1087 800 1140 852 τοῦ
1167 812 1180 851 τ

125 895 200 951 λαού
223 889 273 951 καί
296 891 475 971 τρυχόμενον
498 888 557 952 ύπό
580 913 609 950 τε
632 899 685 969 τῆς
707 888 829 970 ἐρημίας
852 889 902 951 καλ
924 899 977 968 τῆς
997 900 1056 951 τῶν
1074 911 1141 971 τρο-

126 998 195 1066 φῶν
223 987 356 1070 ἀπορίας.
402 988 529 1067 τοσαύτη
557 986 612 1069 γάρ
640 987 738 1048 ἔνδεια
769 987 918 1069 περιέσχεν
944 988 1067 1067 αύτούς,
1100 985 1140 1060 ὡς

124 1084 174 1146 καί
198 1085 298 1146 ἵππων
323 1084 373 1146 καὶ
395 1083 530 1164 ήμιόνων
553 1083 785 1165 ἀπογεύσασθαι.
830 1087 1021 1165 πλανώμενος
1044 1078 1139 1147 ούνδ

124 1183 195 1256 λαὸς
227 1182 276 1244 καί
309 1184 425 1264 σφόδρα
458 1182 708 1263 διαφθειρόμενος
738 1177 828 1265 εύρον
854 1184 978 1260 ἐξάπινα
1005 1185 1140 1262 κείμενον

123 1282 177 1343 τδν
201 1281 356 1359 θεήλατον.
393 1280 422 1354 ἐξ
441 1279 580 1358 ἀφανοῦς
597 1279 653 1361 γάρ
672 1279 811 1343 ἀκόντιον
829 1280 947 1363 φέρεται
965 1274 1028 1341 κατ’
1046 1281 1139 1341 αὐτοῦ
1153 1303 1179 1341 10

124 1377 175 1438 καὶ
203 1377 253 1438 διὰ
280 1388 333 1440 τοῦ
356 1379 512 1460 βραχίονος
540 1378 582 1450 είς
605 1377 661 1458 τήν
687 1378 817 1459 πλευρὰν
842 1377 1007 1459 διαδραμὸν
1029 1375 1138 1438 εἰσίδυ·

123 1476 153 1548 ἐξ
178 1467 215 1554 ής
238 1481 353 1557 πληγῆς
375 1476 427 1538 τὸν
450 1477 518 1556 βίον
540 1473 748 1557 κατέστρεψεν,
773 1475 886 1556 ἀδήλου
909 1485 962 1538 τοῦ
985 1474 1140 1548 ἀνελόντος

125 1572 217 1635 αύτδν
239 1572 408 1654 γενομένου.
454 1573 504 1634 καί
526 1573 577 1636 τὸν
601 1572 654 1653 μὲν
675 1573 730 1653 τήν
749 1576 867 1636 δικαίαν
886 1574 1003 1653 ἐκείνην
1022 1574 1138 1654 ἐπενεγ-

122 1671 214 1732 κόντα
245 1673 363 1753 πληγήν
392 1671 490 1746 ούδελς
517 1672 591 1754 ἔγνω
621 1670 703 1753 μέχρι
729 1672 779 1734 καί
806 1673 941 1755 τήμερον.
989 1673 1070 1752 ὅμως
1096 1672 1138 1752 δέ,
1151 1695 1192 1734 ιιι
1205 1688 1237 1734 M'.

123 1769 179 1830 εἴτε
203 1766 364 1850 άνθρωπος
387 1770 442 1830 εἴτε
465 1768 585 1850 άγγελος
608 1780 694 1832 τοῦτο
719 1768 869 1851 δέδρακεν,
892 1778 946 1831 τοῦ
964 1771 1052 1831 θείου
1070 1769 1138 1831 νεύ-
1153 1792 1178 1832 15

124 1888 214 1945 ματος
247 1865 395 1947 ὑπηρέτης
421 1866 548 1950 γέγονεν.
595 1868 709 1930 ἐκεῖνον
737 1867 768 1930 δέ
796 1886 871 1947 φασι
898 1868 1058 1947 δεξάμενον
1084 1868 1140 1947 τήν

122 1965 242 2046 πληγήν
264 1964 359 2038 εύθδις
381 1970 491 2044 πλήσαι
513 1966 568 2046 τήν
590 1973 671 2047 χεῖρα
694 1975 747 2027 τοῦ
770 1966 892 2046 αἵματος
914 1965 964 2025 καλ
986 1966 1075 2046 ῥίψαι
1097 1965 1139 2038 είς

122 2062 175 2124 τὸν
193 2061 265 2143 ἀέρα
283 2062 333 2124 καὶ
353 2063 459 2142 φάναι·
483 2063 631 2144 ἐνίκησας,
650 2068 796 2143 Γαλιλαῖε,
815 2063 960 2141 ἐνίκησας.
998 2061 1047 2123 καὶ
1066 2061 1138 2123 ἀνα-

122 2159 267 2240 κομισθὲν
290 2160 322 2223 τδ
346 2161 454 2244 μιαρὸν
476 2161 568 2223 αὐτοῦ
591 2172 677 2241 σῶμα
698 2161 731 2222 ἐν
756 2166 859 2245 Ταρσῷ
882 2160 932 2222 καί
954 2159 1049 2240 ταφὲν
1070 2159 1138 2221 ἀνε-

122 2258 243 2339 βράσθη
267 2257 326 2318 ἀπὸ
349 2268 401 2338 τής
424 2269 479 2341 γής
501 2258 551 2319 καί
569 2258 729 2340 ἀπερρίφη,
752 2258 856 2332 καθὼς
874 2258 934 2338 ἔφη
953 2259 1041 2319 πάλιν
1060 2262 1137 2339 Γρη-
1151 2281 1177 2318 εο

122 2355 222 2437 γόριος
246 2353 261 2416 δ
285 2366 337 2435 τής
359 2357 516 2438 θεολογίας
542 2357 711 2435 ἐπώνυμος·
743 2356 848 2437 μικρὸν
870 2356 926 2439 γὰρ
948 2357 980 2418 τδ
1004 2356 1037 2418 ἕν
1059 2355 1136 2442 με’σφ

122 2452 171 2514 καλ
195 2453 326 2535 Πέρσαις
355 2452 408 2533 μὲν
435 2452 454 2534 ή
483 2456 552 2534 δίκη
581 2455 675 2516 δοῦσα
697 2454 749 2517 τδν
772 2453 924 2537 ἀλιτήριον
946 2454 1010 2516 ἐκεῖ
1028 2455 1137 2528 δικάζει

121 2550 171 2612 καί
203 2551 309 2634 νεκρὸν
341 2551 480 2633 ἐπανάγει
512 2549 586 2632 μηδὲ
619 2551 807 2633 ἐλεούμενον,
840 2550 880 2625 ὡς
913 2547 940 2613 δ’
970 2552 1027 2634 ἐγώ
1057 2576 1137 2627 τινος

193 2747 281 2795 8-10
295 2743 330 2809 cs.
345 2741 511 2797 Theodoret.
526 2741 572 2810 ΙΠ,
583 2748 627 2810 25,
638 2747 662 2796 ὅ.
678 2775 712 2782 -
728 2747 832 2796 10-13
847 2744 881 2811 cf.
898 2742 1002 2796 Socrat.
1018 2741 1052 2795 Η.
1068 2742 1135 2796 eccl.

121 2813 172 2880 111,
187 2818 234 2881 21,
251 2818 291 2868 12.
313 2845 346 2853 -
371 2817 484 2867 13-18
504 2815 538 2881 cf.
554 2814 720 2869 Theodoret.
735 2812 786 2881 ΙΠ,
801 2819 849 2880 25,
865 2819 888 2866 6.
909 2846 942 2853 -
968 2817 1081 2867 18—19
1100 2815 1135 2879 cf.

122 2885 227 2938 ουσιαι.
251 2884 297 2950 111,
320 2889 363 2952 κο,
385 2890 407 2938 1.
428 2917 462 2924 -
486 2890 592 2954 20-1).
605 2892 695 2952 546‚3
715 2884 796 2954 διες.
816 2883 1028 2939 Naz.01.xxl
1046 2889 1136 2952 01133

121 2955 217 3026 Migne
236 2954 313 3009 Tom.
329 2961 372 3023 36,
388 2961 455 3009 1121
467 2956 499 3009 A.

195 3122 226 3169 11
251 3116 417 3185 διαδραμὼν
440 3117 521 3185 (μῶν
545 3115 633 3184 CFM)
656 3114 844 3170 AOFNPRV.
873 3147 908 3156 —
937 3121 970 3170 14
994 3115 1088 3178 ούδείς
1102 3147 1135 3155 -

122 3193 155 3240 17
170 3187 278 3257 πληγήν
293 3204 343 3242 om.
358 3187 394 3240 M.
410 3219 444 3226 -
466 3192 498 3241 15
513 3187 567 3242 είτε
581 3187 696 3258 άγγελος
710 3186 763 3241 είτε
778 3187 932 3253 ἄνθρωπος
945 3186 998 3239 DF
1016 3185 1070 3241 είτε
1084 3186 1134 3241 άν-

119 3261 237 3326 θρυπος
256 3257 310 3313 είτε
329 3257 443 3328 άγγελος
461 3257 515 3312 είτε
535 3259 689 3326 ἅνθρωπος
703 3258 734 3313 G.
750 3290 783 3298 —
802 3263 835 3311 19
853 3257 885 3311 τδ
900 3266 978 3327 σῶμα
996 3259 1084 3312 αὐτοῦ
1103 3258 1133 3312 τδ

120 3330 223 3399 μιαρὸν
242 3329 299 3384 BL.
318 3361 353 3370 -
376 3335 409 3382 20
428 3330 476 3383 καί
496 3329 549 3400 ἔφη
569 3330 653 3385 πάλιν
673 3329 783 3383 GENR
805 3329 854 3382 καλ
871 3328 956 3384 πάλιν
976 3329 1030 3399 ἔφη
1049 3329 1078 3383 L.
1101 3361 1135 3368 —

121 3405 155 3454 22
174 3400 323 3470 άλητήριον
342 3400 477 3455 AOFNP.
498 3433 532 3442 —
560 3407 593 3455 23
613 3401 723 3469 δας-μ.4
741 3406 831 3467 546,1
852 3398 1136 3473 προσλαμβανόμενον

120 3489 171 3526 om.
189 3472 244 3526 ΡΒ.
265 3505 298 3512 -
318 3472 349 3527 δὲ
369 3473 421 3542 ἐγώ
441 3471 555 3526 OENV.

192 3637 233 3685 20.
246 3637 278 3685 21
301 3631 460 3703 Γρηγόριος.
475 3625 478 3632 ’
495 3633 564 3701 φησί
583 3631 648 3701 γάρ·
669 3631 769 3700 μικρὸν
787 3631 818 3684 τδ
839 3632 869 3686 ἐν
888 3651 914 3700 μ.
930 3630 959 3685 Ρ.

921 3719 973 3772 35*
