2617 3909
184 239 250 306 512
494 237 681 290 mmor
697 235 881 288 mmor

183 385 233 448 καῖ
260 385 435 472 ἀποκτείνῃς
461 386 513 448 τὸν
541 386 667 448 δίκαιον.
711 382 817 444 ἀθῶον
842 383 914 465 γάρ,
942 383 1052 461 φησίν,
1080 381 1132 446 καί
1154 383 1200 443 δί-

183 507 270 546 καιον
293 483 349 550 οάιι
370 483 540 557 ἀποκτενεῖς
562 481 632 548 οὐδὲ
654 482 742 566 λήψῃ
763 481 845 562 δῶρα
863 480 966 561 ψυχὴν
986 480 1123 554 πατάξαι.
1161 480 1201 540 τὰ

183 580 239 662 γὰρ
266 582 347 662 δῶρα
376 580 572 658 ἐκτυφλοῦσιν
599 576 778 657 ὀφθαλμοὺς
804 588 909 657 σοφῶν
931 577 982 640 καῖ
1003 579 1201 657 λυμαίνονται

183 679 299 762 βήματα
325 679 433 742 δίκαια.
478 677 506 742 εί
531 669 587 738 οὖν
614 675 893 758 ἀπροσωπολήπτως
917 677 1043 756 κρίνετε,
1069 674 1200 757 ἐπιγνοί-

157 783 271 840 τσεσθε
293 775 345 837 τὸν
366 785 587 857 κατηγοροῦντα
609 773 685 837 κατὰ
701 783 754 835 τοῦ
775 775 903 853 πλησίον
921 773 1014 836 αὐτοῦ
1032 775 1200 855 μαρτυρίαν

183 875 293 954 ψευδῆ,
316 872 366 936 καί
389 871 595 947 ἀποδείξαντες
618 871 709 935 αὐτόν
729 872 924 950 συκοφάντην
940 870 992 932 καί
1008 871 1199 952 ψευδολόγον

182 971 322 1051 ποιήσατε
354 969 433 1056 αὐτῷ
460 963 533 1030 καθ’
562 966 597 1032 ὃν
628 968 739 1048 τρόπον
765 969 982 1049 ίπονηρεάσατο
1007 978 1133 1048 ποιῆσαι
1158 971 1201 1052 τῷ

182 1070 323 1148 πλησίον,
354 1068 404 1132 καί
433 1068 557 1149 ἐξαρεῖτε
584 1067 636 1130 τὸν
663 1066 798 1146 πονηρὸν
824 1066 854 1141 ἐξ
882 1065 968 1146 ὑμῶν
994 1067 1095 1128 αὐτῶν
1120 1066 1199 1127 κατὰ

182 1166 234 1228 τόν
260 1173 347 1232 θεῖον
370 1166 463 1246 νόμον
491 1167 609 1245 κυρίου·
640 1165 712 1230 ὅσον
733 1164 790 1246 γὰρ
812 1158 858 1227 ἐπ’
879 1164 959 1248 αὐτῷ
977 1163 1122 1242 ἐφόνευσε
1143 1165 1199 1228 τὸν
1272 1172 1275 1176 ’

142 1288 168 1328 ιο
181 1264 312 1343 ἀδελφὸν
338 1263 498 1346 προλαβὼν
524 1262 559 1324 τὰ
572 1322 574 1328 ,
587 1256 647 1324 ὦτα
674 1272 728 1324 τοῦ
749 1272 860 1343 κριτοῦ.
905 1260 1063 1344 γέγραπται
1084 1262 1154 1343 γάρ
1178 1261 1196 1324 ό

181 1363 288 1444 ἐκχέων
311 1357 384 1443 αίμα
405 1361 571 1442 ἀνθρώπου
594 1359 660 1423 ἀντί
681 1369 736 1422 τοῦ
754 1361 878 1440 αῖματος
895 1358 1009 1423 ἐκείνου
1031 1359 1198 1439 ἐκχυθήσε-

180 1484 228 1522 ται
250 1461 283 1523 τό
306 1455 379 1539 αἷμα
402 1460 501 1521 αὐτοῦ.
538 1459 600 1519 καί·
623 1458 735 1539 ἐξαρεῖς
757 1458 790 1520 τό
808 1457 942 1519 ἀναίτιον
960 1456 1019 1519 ἀπό
1037 1475 1093 1535 σου
1111 1452 1197 1536 αἷμα.

181 1558 293 1620 οὐκοῦν
321 1557 454 1637 ἐρευνᾶτε
482 1555 552 1635 μετά
579 1561 691 1635 πολλῆς
717 1555 866 1636 ἀκριβείας
890 1555 959 1637 περὶ
979 1565 1039 1616 τῶν
1061 1555 1195 1635 ἐνεχομέ-

180 1679 243 1718 νεον
270 1654 319 1716 καῖ
346 1664 463 1736 πρῶτον
490 1652 556 1733 περί
578 1662 631 1714 τοῦ
658 1662 907 1735 κατηγοροῦντος,
937 1651 1026 1715 ὁποία
1049 1654 1093 1726 τίς
1115 1652 1197 1714 ἐστιν

140 1749 199 1831 1οὴ
224 1751 397 1834 ἀναστροφὴ
421 1751 520 1814 αὐτοῦ.
566 1749 617 1812 καί
642 1749 695 1812 ἐὰν
724 1751 931 1830 εὐσννείδητος
952 1750 1003 1812 καί
1025 1749 1196 1825 ἀξιόπιστος

180 1849 301 1934 εὑρεθῇ,
326 1848 366 1928 μὴ
389 1848 572 1912 πιστευέσθω
597 1848 699 1928 μόνος·
722 1849 898 1930 παράνομον
919 1848 975 1931 γάρ
993 1848 1026 1910 τὸ
1044 1859 1197 1911 τοιοῦτον·

179 1942 242 2011 ἀλλ’
264 1946 347 2028 ἐχέτω
375 1947 425 2008 καί
452 1945 567 2028 ἐτέρους
596 1946 744 2027 μάρτυρας
771 1947 905 2028 εὐλαβεῖς
925 1947 976 2009 καί
999 1944 1197 2026 ὁμοτρόπους,

180 2047 230 2108 ἵνα
256 2045 304 2109 ἐπί
332 2045 473 2125 στόματος
501 2045 556 2108 δύο
583 2045 633 2106 καί
660 2055 749 2126 τριῶν
778 2046 935 2127 μαρτύρων
957 2044 1116 2125 ἀξιοχρέου
1139 2047 1195 2124 δη..

82 2159 167 2198 41811.
181 2145 279 2208 λονότι
306 2144 484 2222 σταθήσεται
510 2153 572 2204 πᾶν
598 2143 687 2224 βῆμα.
732 2142 783 2206 aa&
804 2145 834 2205 τί
855 2141 887 2206 δέ
910 2144 1030 2222 εἴπομεν
1052 2143 1104 2204 τόν
1125 2144 1195 2224 τρό-

138 2265 165 2304 zo
178 2264 236 2304 πον
264 2242 363 2306 αὐτῶν
390 2241 603 2320 ἐπιζητεῖσθυις
630 2240 707 2302 διότι
731 2241 872 2314 πολλάκις
901 2241 1024 2322 ἐγχωρεῖ
1045 2240 1097 2302 καῖ
1123 2241 1196 2314 τοὺς

179 2340 234 2402 δύο
257 2339 308 2404 καί
330 2339 400 2413 τοὺς
422 2340 559 2412 πλείονας
582 2337 630 2402 ἐπί
648 2345 731 2423 κακῷ
753 2349 937 2418 μαρτυρῆσαι
953 2337 1004 2400 καί
1022 2340 1195 2417 συμφώνως

179 2439 418 2518 ψευδηγορῆσαι,
447 2435 487 2509 ὥς
513 2436 583 2510 τοῦς
610 2437 666 2498 δύο
692 2434 909 2517 πρεσβυτέρους
930 2435 1004 2498 κατὰ
1026 2437 1194 2514 Σοσάιης

178 2534 211 2595 ἐν
229 2537 387 2614 Βαβυλῶνι
409 2533 460 2595 καί
480 2534 549 2607 τοὺς
571 2535 657 2608 υίοῦς
675 2545 735 2596 τῶν
752 2533 935 2615 παρανόμων
952 2533 1025 2594 κοτά
1043 2533 1194 2613 Ναβουθὲ

178 2632 211 2694 ἐν
234 2633 387 2716 Σαμαρείᾳ
410 2630 459 2692 καί
482 2631 514 2692 τὸ
537 2637 655 2711 πλῆθος
676 2642 736 2694 τῶν
751 2628 905 2694 Ἰουδαίου
922 2631 996 2692 κατὰ
1013 2641 1066 2693 τοῦ
1083 2633 1194 2712 κυρίου

137 2753 163 2792 τε
178 2729 210 2792 ἐν
242 2723 430 2810 Ἰερουσαλὴμ
466 2728 516 2789 καῖ
552 2728 625 2790 κατὰ
661 2730 820 2807 Στεφάνου
856 2738 909 2790 τοῦ
945 2730 1194 2811 πρωτομάρτυρος

200 2976 208 2986 ,,
248 2919 336 2973 '1-12
351 2917 443 2973 Const.
458 2919 529 2988 App.
545 2917 636 2986 11‚42.
656 2951 690 2959 -
709 2925 724 2973 1
740 2917 826 2972 Exod.
843 2923 887 2985 23,
902 2924 931 2983 ῖς
946 2925 971 2972 8.
986 2951 1021 2960 -
1040 2923 1056 2972 8
1075 2917 1192 2972 Denter,

179 2997 220 3058 17,
234 2995 257 3044 7.
282 3022 315 3031 -
337 2991 374 3044 v10
393 2990 460 3044 Gen.
481 2996 505 3056 9,
526 2996 549 3044 6.
574 3022 607 3030 -
633 2997 666 3043 12
686 2989 767 3046 Dent.
783 2996 826 3058 21,
844 2995 868 3044 9.
892 3021 926 3030 -
951 2995 1055 3060 13-ρ.
1070 2995 1136 3057 513,
1157 2997 1191 3044 12

178 3061 270 3116 Const.
285 3063 382 3131 Apost.
397 3061 431 3129 Π,
446 3066 487 3115 49.
508 3093 541 3102 -
562 3067 595 3115 18
613 3061 694 3114 Dent.
712 3065 847 3128 19‚15;2
866 3059 926 3115 Gor.
942 3066 985 3129 13,
1001 3067 1024 3115 1.

249 3237 263 3284 1
283 3227 370 3300 φησίν
384 3237 448 3300 post
465 3231 514 3284 καλ
532 3227 645 3284 δίκαιον
663 3233 716 3284 ins.
731 3229 753 3284 G
768 3242 821 3284 οτι.
836 3229 898 3284 BR.
916 3259 950 3270 ·-
969 3230 1017 3283 καλ
1036 3245 1086 3284 ουτ.
1100 3227 1134 3282 V.
1155 3261 1192 3269 —

176 3309 193 3356 4
212 3299 311 3358 ἐίκαια
329 3318 379 3356 om.
394 3301 451 3354 FN.
471 3333 505 3342 -
525 3307 541 3355 8
559 3301 590 3355 τὸ
609 3301 736 3370 πονηρὸν
753 3299 832 3354 BOE
850 3308 877 3355 ετ
893 3316 964 3355 reon.
979 3300 1096 3370 quidam
1120 3301 1191 3354 αὐτὸ

176 3373 302 3441 πονηρὸν
314 3388 384 3426 roeo.
396 3372 641 3426 ο111.-1οαοτοο
654 3372 673 3439 ἡ
687 3371 852 3440 ἀναστροφή
861 3372 917 3425 ΔΒ.
929 3403 962 3412 -
972 3371 1120 3440 ἀνατροφὴ
1129 3370 1188 3424 ΟΜ.

176 3475 210 3484 -
227 3448 260 3498 18
274 3441 428 3514 ἀξιόχρεων
446 3441 575 3512 δηλονότι
594 3459 643 3497 ονε.
659 3441 783 3497 FConst.
799 3473 833 3483 —
850 3448 884 3497 28
903 3443 1048 3514 ναβοοθαέ
1063 3439 1190 3496 ΒΟοαοά

249 3617 263 3665 1
283 3608 463 3683 ἀποκτείνῃς]
483 3611 645 3672 ἀποκτενεῖς
662 3611 692 3664 Ρ.
713 3643 747 3652 -
767 3617 801 3666 10
820 3610 887 3682 γάρ]
906 3611 938 3667 δέ
955 3612 1080 3666 Ρῦοοελ.
