2617 3909
513 252 703 305 XPONIKON
1047 252 1111 317 441

96 400 129 462 τὸ
153 409 216 482 πῦρ
241 399 339 463 αύτῶν
362 399 398 461 ού
421 400 625 481 σβεσθήσεται,
648 400 699 462 καὶ
716 401 833 463 ἔσονται
850 401 893 475 είς
911 401 1015 482 ὅρασιν
1032 402 1113 485 πύση

97 498 197 580 σαρκί.
640 517 641 521 ’

166 594 229 656 Καὶ
251 594 290 675 δὴ
313 594 363 657 καὶ
384 595 400 659 δ
419 594 565 677 θεηγύρος
583 598 794 678 Χρυσύστομύς
817 616 922 677 φησιν·
947 597 1001 678 ὅρα
1019 598 1113 679 παρύ-

97 694 192 767 δοξον
214 691 312 774 ἕτερον
335 686 441 772 αὖθις,
468 693 603 767 ἐναντίας
626 695 731 772 φύσεις
753 697 922 769 συνιούσας.
968 693 1036 757 ούτε
1057 695 1113 777 γὰρ

97 790 253 873 ἀστραπῆς
280 814 308 852 τι
335 790 570 873 πυρωδέστερον,
599 791 667 855 ούτε
693 794 801 867 ύδατος
828 794 1025 875 ψυχρότερον,
1047 789 1111 853 ἀλλ’
1141 815 1153 854 ο

98 889 181 968 ὅμως
208 887 404 971 ἀναμίγνυται
431 888 481 950 καὶ
508 889 544 951 ού
567 897 714 972 συγγεῖται
736 890 807 953 οὐδὲ
829 892 1018 972 κεράννυται,
1036 890 1114 967 ,ἀλλά
1127 905 1212 945 381M·

94 986 170 1059 τούς
198 986 326 1059 οἰκείους
352 986 458 1066 έκάστη
486 988 622 1070 διατηρεῖ
644 989 748 1070 ὅρους,
775 988 808 1050 τδ
831 998 891 1070 πῦρ
914 988 947 1051 ἓν
969 996 1008 1074 τῷ
1027 989 1113 1050 ύδατι

96 1083 150 1145 καὶ
173 1083 205 1145 τὸ
229 1084 310 1166 ύδοτρ
333 1084 366 1146 ἐν
384 1090 423 1169 τῷ
442 1086 526 1165 πυρί·
550 1084 600 1146 καί
618 1084 686 1147 ούτε
704 1096 790 1149 τοῦτο
809 1086 904 1149 ἐκεῖνο
923 1086 1112 1168 ἀνεξήρανεν,

96 1180 169 1243 οὔτε
196 1181 290 1243 έκεῖνο
317 1190 403 1244 τοῦτο
425 1181 611 1263 κατέσβεσεν,
637 1186 734 1245 καίτοι
755 1183 890 1266 ἀστραπὴ
912 1193 966 1245 τοῦ
988 1182 1113 1263 ἡλιακοῦ

96 1278 196 1358 πυρὸς
218 1277 356 1362 ὀξύτερον
381 1279 431 1341 καί
454 1281 618 1362 φανότερον
640 1280 691 1341 καὶ
714 1283 906 1364 τομώτερον.’
930 1282 981 1343 καὶ
1004 1305 1113 1363 μαρτυ-
1127 1306 1153 1345 ιο

95 1386 205 1459 ροῦσαν
228 1378 263 1438 αί
287 1375 373 1453 ὄψεις
400 1378 434 1439 αί
460 1384 523 1451 ταῖς
550 1377 645 1441 ἀκτῖσι
673 1380 818 1458 διηνεκῶς
845 1379 1112 1459 καταλαμπόμεναι,

96 1475 215 1553 ἐκείνης
238 1473 270 1537 δὲ
293 1475 348 1553 τὴν
371 1474 469 1557 φοράν
492 1474 562 1538 οῦδὲ
584 1476 659 1557 πρὸς
682 1477 776 1559 βραχύ
795 1478 959 1556 δυνάμεναι
977 1476 1111 1558 ἐνεγκεῖν.

96 1572 150 1634 καὶ
174 1571 189 1635 δ
214 1571 269 1652 μὲν
295 1573 378 1657 ἥλιος
405 1574 455 1635 διά
481 1575 580 1654 πάσης
602 1572 713 1656 ἡμέρας
735 1575 876 1657 διατρέχει
897 1574 950 1636 τὸν
972 1574 1112 1657 οὐρανόν,

96 1671 177 1749 αῦτη
205 1668 237 1731 δὲ
264 1671 297 1733 έν
325 1678 378 1756 μιᾷ
404 1682 509 1753 καιροῦ
533 1673 611 1759 ῥοπῇ
634 1674 690 1753 τὴν
713 1672 893 1753 οίκονμένην
916 1674 1048 1753 ἀπασαν,
1072 1670 1113 1745 ὡς

96 1768 150 1830 καὶ
167 1769 295 1849 Χριστὸς
318 1776 463 1851 μαρτυρεῖ
478 1769 582 1851 λέγων·
606 1770 703 1851 ὥσπερ
721 1769 741 1851 ἡ
760 1770 894 1853 ἀστραπὴ
912 1770 942 1845 ἐξ
960 1770 1112 1833 ἀνατολῶν
1127 1793 1151 1834 ιο

95 1867 253 1949 πορεύεται
280 1866 330 1927 καὶ
357 1869 458 1945 φαίνει
485 1867 539 1941 ἕως
566 1870 696 1948 δυσμῶν.
741 1863 802 1930 είτά
825 1885 931 1949 φησιν’
961 1866 977 1929 δ
999 1869 1112 1949 ἐξάγων

95 1964 228 2045 ἀνέμους
254 1965 287 2027 έκ
314 1972 478 2048 θησαυρῶν
500 1966 601 2027 αὐτοῦ.
646 1967 722 2045 αῦτη
745 1967 835 2027 πάλιν
857 1965 938 2047 ἑτέρα
961 1967 1052 2045 φύσις
1074 1965 1111 2027 ού

96 2062 209 2145 μικρὰν
231 2061 304 2143 ἡμῖν
325 2063 493 2146 παρέχουσα
514 2066 627 2146 χρεία-ν,
653 2063 727 2124 ἀλλὰ
749 2065 896 2142 τοσαύτην
919 2064 992 2125 ὥστε
1014 2064 1057 2137 είς
1079 2062 1111 2123 τδ

95 2160 176 2223 πολύ
203 2171 255 2241 τῆς
283 2163 359 2241 ζωῆς
386 2159 458 2241 ἡμῖν
486 2166 633 2224 συντελεῖν
660 2160 711 2223 καὶ
738 2162 904 2241 κεκμηκύτα
926 2160 1112 2222 ἀνακτᾶσθαι

94 2258 133 2319 τά
157 2259 284 2337 σώματα.
321 2269 407 2321 τοῦτο
428 2259 483 2341 γὰρ
502 2259 588 2341 ἔργον
606 2258 724 2338 ἀνέμων
741 2257 942 2340 ἀναρριπίζειν
960 2258 1011 2319 τὸν
1029 2256 1111 2339 ἀέρα,
1125 2282 1151 2321 ιο

95 2357 172 2418 ὥστε
195 2356 236 2436 μὴ
259 2356 400 2436 ἀκίνητον
423 2356 495 2419 ύντα
515 2358 707 2439 φθείρεσθαι,
729 2358 884 2418 πεπαίνειν
901 2378 931 2417 τε
952 2355 1022 2429 τοὺς
1040 2380 1111 2436 καρ-

94 2454 176 2527 πούς
198 2453 247 2514 καί
270 2453 388 2536 τρέφειν
410 2453 446 2515 τδι
468 2456 594 2533 σώματα.
639 2456 669 2515 τί
689 2452 728 2514 ἀν
745 2476 789 2526 τις
811 2454 889 2515 εἴποι
911 2453 963 2527 τάς
983 2453 1015 2515 ἐν
1038 2478 1111 2514 ναυ-

170 2658 258 2721 3-ρ.
273 2658 377 2719 441111
394 2652 533 2721 Chrysost.
548 2654 580 2707 ιἰι
593 2652 695 2707 Psalm.
712 2658 764 2707 134
777 2657 844 2723 ηαδ
862 2652 959 2722 Migne
973 2652 1050 2706 Tom.
1066 2657 1112 2719 55,

95 2728 159 2777 390.
179 2756 213 2764 -
233 2728 266 2777 ιο
285 2725 386 2778 Mat-th.
402 2730 445 2789 ιι,
460 2729 502 2777 ετ.

172 2898 185 2945 1
202 2893 294 2946 αὐτῶν
308 2910 359 2946 om.
370 2892 428 2947 RV.
444 2925 477 2932 -
492 2899 507 2947 6
527 2892 661 2963 σύγχυται
674 2892 734 2947 ER.
750 2925 783 2933 -
799 2898 816 2946 8
831 2891 963 2960 ἐξήρανεν
976 2889 1061 2945 DFG.
1076 2924 1109 2931 —

98 2970 216 3018 9τοῦτο
235 2981 284 3017 ουτ.
304 2962 383 3017 ANP
401 2964 433 3018 τὸ
451 2972 507 3031 πῦρ
526 2965 556 3019 Β.
572 2995 606 3005 ·-
624 2964 642 3032 η
662 2964 790 3033 ἀστραπὴ
808 2963 859 3017 RV
869 2962 931 3017 chr.
949 2995 982 3002 -
1002 2968 1036 3016 10
1055 2982 1110 3029 φα-

96 3035 223 3124 νύκτερον1
242 3035 347 3088 ABDF
375 3040 401 3124 μί
421 3052 472 3158 κιρ).
497 3035 519 3087 Ρ
544 3052 578 3089 m.
601 3040 617 3088 1
650 3035 885 3103 φανερώτερονΡ
909 3036 942 3088 in
964 3040 1047 3125 σακία.
1075 3064 1111 3073 —-

100 3112 133 3160 12
153 3107 259 3177 φοραν]
279 3108 405 3177 φοβεραν
424 3104 444 3159 C
473 3148 478 3159 .
499 3138 534 3146 -
557 3105 679 3175 ἐνεγκεῖν
697 3106 773 3159 ΑΒΡ
783 3104 844 3159 chr.
869 3106 1031 3195 ύπενφγκειν
1050 3104 1109 3159 rell.

98 3175 1110 3316 ι-εοκνεγεειπκυιεάηυηη

99 3288 161 3371 Ess'
170 3316 212 3381 τίς
226 3291 351 3373 ἀνιείποι
366 3268 438 3372 (δέ
454 3319 485 3374 ἐν
498 3268 649 3394 ναυτηίίάίο
643 3320 668 3372 Ι)
675 3291 745 3372 ΡΡῙά
759 3319 789 3372 ἐν
803 3316 979 3393 ναυτιίλίαΒ
994 3319 1110 3387 ἐυαντη-

101 3388 148 3443 ίία
166 3389 187 3443 O
211 3389 241 3445 ἐν
261 3391 331 3461 αὐτῇ
350 3388 397 3444 λία
415 3390 451 3443 Μ.

171 3564 204 3612 10
222 3559 271 3613 καί
289 3579 356 3627 φαν.
371 3578 400 3614 τε
413 3561 463 3614 καὶ
476 3559 505 3613 Ρ.
520 3592 555 3601 -
574 3565 608 3614 20
626 3560 789 3629 τὰσώματα
805 3560 854 3614 καὶ
868 3558 1043 3627 καταψύχειν
1062 3556 1110 3609 καὶ

98 3630 147 3684 τδν
166 3628 237 3698 ἀέρα
255 3628 429 3699 κουφότερον
447 3640 539 3687 ποιεῖν
557 3631 580 3684 Ρ
590 3631 652 3687 0111.
673 3663 707 3671 -
726 3628 901 3699 ἀναριπίζειν
919 3629 949 3683 P.
