2617 3909
535 234 725 285 XPONIKON
1069 230 1134 295 629

189 380 251 443 Καί
273 378 293 461 ἡ
316 378 431 460 πέμπτη
454 378 554 462 γέγονε
577 380 705 455 σύνοδος
726 390 786 442 τῶν
808 377 869 462 ρξε’
887 379 1028 462 πατέρων.

190 478 318 559 Πέμπτη
348 478 476 556 σύνοδος
511 476 631 561 γέγονεν
662 478 696 540 ἐν
725 477 1038 541 Κωνσταντινουπόλει
1069 476 1133 561 ρξε’

121 576 216 660 άγίων
247 576 381 659 πατέρων
412 576 467 639 ἔτει
498 586 551 658 τῆς
575 571 787 639 Ἰουστινιανού
813 586 866 639 τοῦ
894 576 1021 659 μεγάλου
1047 579 1134 657 βασε-

121 677 201 750 λείας
231 671 283 746 κς’
309 674 357 736 ἐπί
387 675 521 756 Βιγιλίου
552 683 605 736 τοῦ
636 671 800 756 άγιωτάτου
830 674 916 735 πάπα
934 666 1052 753 Ῥώμης
1083 674 1135 737 δεδι

122 772 256 854 λιβέλλον
278 772 333 853 την
352 769 451 855 ὀρθην
470 774 569 834 πίστιν
591 782 764 854 κυρούντος,
786 762 824 849 ἧς
841 768 969 852 ηγούντο
987 771 1134 853 Εὐτύχιος
1160 792 1174 833 ε

121 870 477 947 Κωνσταντινουττύλεως,
509 863 714 953 Ἀπολενάριος
746 863 978 951 Ἀλεξανδρείας,
1014 869 1134 949 Δόμνος

117 964 306 1049 Ἀντιοχείας,
329 966 485 1046 Στέφανος
507 967 667 1041 ἐπίσκοπος
679 962 825 1048 Ῥαφείας,
847 967 994 1049 Γεύργως
1016 966 1135 1030 ἐπίσκο-

121 1089 178 1140 πος
200 1076 254 1148 τῆς
275 1068 457 1147 Τιβεριωτῶν
479 1066 591 1139 πόλεως
612 1064 663 1128 καί
680 1065 834 1146 Δαμιανδς
855 1065 1015 1140 ίπίσκοπος
1032 1067 1133 1139 Σωζο-

119 1164 244 1245 πόλεως,
262 1162 459 1245 τοπστηρηταλ
472 1163 623 1245 Εὐτυχίαν
635 1158 857 1246 Ἱεροσολύμων,
875 1164 950 1226 κατδι
963 1157 1135 1246 Ὠριγένονς

120 1261 171 1324 καλ
198 1272 257 1324 τῶν
279 1261 315 1323 τά
337 1261 452 1324 ἐκείνου
479 1260 571 1342 ἀσεβῆ
598 1262 731 1344 δόγματα
757 1260 973 1342 διαδεξαμένων
995 1261 1133 1341 Διδύμου
1146 1281 1175 1323 ιο

121 1360 172 1422 καί
194 1359 347 1442 Εύαγρίου
375 1369 434 1421 τῶν
458 1359 549 1421 πάλαι
575 1358 772 1439 ἀκμασάντων
797 1357 848 1421 καί
873 1368 933 1421 τῶν
955 1356 1133 1421 ἐκτεθέντων
1146 1380 1187 1422 σεε
1199 1378 1234 1420 τε.

120 1451 192 1539 παρ’
214 1457 315 1531 αύτούς
336 1457 518 1538 κεφαλαίων,
545 1456 578 1519 έν
601 1450 647 1531 οίς
668 1456 839 1539 έληρύδονν
860 1458 1061 1540 προϋπάρχειν
1082 1456 1134 1530 τάς

122 1553 223 1635 ψυχὰς
248 1564 307 1616 τῶν
335 1555 493 1644 σωμάτων,
521 1554 550 1629 ἐξ
574 1548 757 1636 Ἑλληνικῶν
784 1552 949 1637 ὁρμώμενοι
979 1555 1135 1636 δογμάτων
1214 1563 1217 1568 ’

122 1653 178 1732 την
195 1653 419 1733 μετεμηυύχωσιν
442 1652 622 1733 δοξάζοντες,
643 1652 695 1714 καί
712 1651 792 1728 τέλος
811 1646 889 1715 είναε
906 1662 960 1733 τῆς
976 1653 1134 1734 κολάσεως,

120 1749 171 1811 καί
193 1749 228 1811 τά
251 1750 371 1829 σώματα
397 1746 483 1829 ημῶν
509 1750 549 1831 μη
577 1749 756 1813 ἀνίστασθαι
783 1750 819 1813 τδι
841 1750 917 1814 αύτδι
944 1751 977 1813 ἐν
1003 1760 1039 1837 τῇ
1062 1750 1133 1813 ἀνα·
1147 1771 1174 1814 ιε

42 1930 46 1936 Δ
120 1848 229 1929 στάσει,
247 1847 297 1909 καί
314 1848 370 1927 τὴν
387 1858 447 1909 τῶν
466 1848 618 1929 δαιμόνων
636 1850 678 1923 είς
695 1848 728 1911 τὸ
746 1848 868 1931 άρχαῖον
886 1848 1133 1929 ἀποκατάστασιν,

121 1946 173 2007 τὸν
199 1947 379 2030 παράδεισον
410 1945 640 2029 άλληγοροῦντες
671 1946 722 2008 καλ
753 1947 825 2027 μήτε
851 1952 1030 2030 γεγενῆσθαι
1062 1947 1134 2026 μήτε

120 2038 197 2106 είναε
219 2044 278 2107 ύπδ
301 2054 355 2107 τοῦ
372 2050 449 2111 θεοῦ
470 2044 617 2124 αἰσθητὸν
638 2044 830 2127 παράδεισον,
853 2044 925 2124 μήτε
947 2043 980 2106 δὲ
997 2043 1031 2105 έν
1048 2042 1136 2126 σαρκί

120 2148 294 2222 πλασθῆναι
312 2140 364 2203 τόν
379 2136 481 2221 Ἀδάμ
526 2141 612 2203 άτινα
634 2140 767 2222 δόγματα
788 2138 843 2214 ἕως
863 2140 971 2221 χρόνου
994 2139 1027 2201 τὸ
1044 2139 1135 2202 πλέον

119 2238 291 2321 έκρύπκετο,
318 2239 361 2313 είς
383 2244 501 2318 πλῆθος
524 2235 557 2300 δὲ
577 2238 770 2300 ίπιδιδοῦντα
790 2236 841 2298 καί
862 2236 991 2311 πολλούς
1011 2245 1065 2317 τῆς
1086 2237 1134 2299 έκ-
1147 2259 1175 2299 ιο

121 2337 243 2414 κλησίας
263 2334 464 2414 λυμαινόμενα
486 2345 646 2416 τηνικαῦτα
665 2332 891 2414 στηλιτενθέντα
908 2333 1133 2414 ἀνεθεμάτισαν.

194 2503 208 2552 1
223 2494 351 2566 πατέρων
366 2497 396 2553 έν
410 2496 695 2553 κωνσταντινουπόλει
708 2497 740 2552 τδ
755 2496 783 2588 β’
794 2498 872 2553 R.-
887 2498 955 2554 Post
967 2497 1096 2567 πατέρων
1106 2498 1134 2552 A

121 2569 186 2624 add.
206 2568 264 2623 άπδ
284 2576 354 2638 γοῦν
376 2567 473 2638 τηςδ’
489 2568 590 2639 ἕωςη
557 2589 573 2623 τ
573 2576 637 2639 ηςε
642 2568 716 2639 ’ἔτη
736 2567 782 2642 ρβ’
796 2576 823 2625 ελ
839 2570 871 2623 im
889 2587 940 2641 my
960 2568 1132 2634 σύνοδος-’.ε

122 2639 608 2711 EademsmDEGLetreooq
608 2640 760 2695 uidamm
827 2640 981 2708 „itemM
998 2645 1074 2697 νε.2.
1098 2672 1133 2683 -

121 2718 138 2765 2
156 2712 266 2782 πέμπτη
280 2710 394 2802 γέγονεν
408 2711 439 2766 ἐν
452 2729 549 2767 κωνστ.
565 2660 622 2781 ρξε’
637 2710 728 2801 διχίωτ
741 2731 797 2768 πατ
812 2681 869 2780 ρόεν
879 2710 960 2765 AB
945 2732 963 2781 η
977 2713 1009 2768 δέ
1023 2711 1115 2767 πίπτ

122 2782 239 2848 σύνοδος
252 2791 308 2838 τῶν
322 2782 380 2852 ρξε’
395 2780 484 2854 διγίων
499 2778 598 2855 (ἁγίων
612 2781 672 2853 ρξε’
683 2781 898 2855 (λ)πατέρωνί
867 2806 883 2855 γ
899 2802 983 2852 γονεν
997 2730 1134 2838 OEPJWNYV¹

120 2887 212 2980 πέμπε
240 2888 370 2958 -πατέρ
373 2910 413 2945 ων
426 2906 476 2945 om.
491 2889 592 2943 LR.-
558 2889 771 2962 -δβασιλέως
780 2890 834 2946 OG
848 2859 915 2961 βαά
926 2890 1002 2943 Β.-
968 2891 1092 2961 -γλβι
1094 2892 1134 2943 ελ·

120 2958 219 3016 λίονΒ
259 2910 393 3032 γιβιλλίον
407 2960 495 3016 Μ.-
509 2957 599 3031 ’ίόαφ
601 2956 722 3023 είαςΑΒ
741 2958 800 3032 όαφ
803 2960 967 3026 ίαςεεΙΙ-
986 2965 1102 3016 9τοποτ

120 3032 308 3102 (Μηταλδὲεύτ
318 3031 475 3086 ΟΕΡΝμ-
487 3037 520 3087 18
530 2981 599 3101 μήτε
610 3033 700 3116 δέλμη
702 3031 845 3088 δδΑΒ.-
856 3028 1133 3087 mmmmm.

122 3135 155 3143 -
174 3109 207 3158 21
221 3106 372 3174 τηλικαῦτα
382 3102 491 3158 OEGN
504 3109 530 3160 ελ
542 3119 612 3158 rece.
623 3105 798 3174 qmdamae-
817 3099 1084 3174 άνεδεματίσδησαν
1098 3102 1133 3158 V.

192 3259 390 3381 1-χ).630,’λ
408 3272 448 3311 σεε
465 3271 497 3309 εκ
515 3253 549 3310 Ρ
574 3256 622 3310 καλ
644 3254 663 3324 ἡ
682 3254 791 3346 πέμπτη
815 3252 912 3325 γέγονε
935 3253 1054 3316 σύνοδος
1077 3262 1133 3309 τῶν

120 3324 179 3394 ρξε’
195 3324 323 3394 πατέρων
342 3326 373 3381 όν
391 3324 677 3383 κωνσταντινουπόλει
700 3325 778 3381 τιατδι·
772 3323 940 3395 ·ὠριγίνους
957 3325 1006 3379 καὶ
1024 3332 1080 3380 τῶν
1097 3325 1133 3380 τά

121 3392 229 3451 ἐκείνου
248 3398 344 3463 διαδεξ
330 3394 456 3467 ξαμένων
474 3398 562 3468 άσεβη
581 3395 707 3488 δόγματα
725 3396 846 3466 διδύμου
864 3396 913 3451 καί
931 3391 1065 3466 εύαγρίου
1083 3396 1134 3451 καλ

121 3475 176 3522 τῶν
196 3465 363 3539 δμοφρύνων
382 3468 471 3522 αότοῦ
492 3469 541 3523 καλ
564 3467 635 3523 κατά
658 3469 805 3537 δεοδώρου
823 3464 1032 3560 μομιψουεστίας
1052 3469 1134 3522 δεδα-

94 3602 98 3608 ·
121 3536 225 3593 σκάλου
247 3536 399 3607 νεστορίον
432 3538 481 3604 ούς
503 3540 551 3594 καλ
574 3538 760 3610 ἀνεδεμάτεσε
782 3539 855 3594 κατὰ
877 3540 943 3602 τούς
960 3538 1066 3601 τύπους
1083 3544 1133 3591 τοῦ

121 3607 254 3681 βασιλέως
271 3610 502 3683 περιέχοντας”
469 3629 567 3675 ουτως
