<?xml version="1.0" encoding="UTF-8"?>
<!DOCTYPE html PUBLIC "-//W3C//DTD XHTML 1.0 Transitional//EN"
    "http://www.w3.org/TR/xhtml1/DTD/xhtml1-transitional.dtd">
<html xmlns="http://www.w3.org/1999/xhtml" xml:lang="en" lang="en">
 <head>
  <title>
</title>
<meta http-equiv="Content-Type" content="text/html;charset=utf-8" />
  <meta name='ocr-system' content='tesseract 3.04.00' />
  <meta name='ocr-capabilities' content='ocr_page ocr_carea ocr_par ocr_line ocrx_word'/>
</head>
<body>
  <div class='ocr_page' id='page_1' title='image "./georgiimonachic00boorgoog_0072.png"; bbox 0 0 2617 3909; ppageno 0'>
   <div class='ocr_carea' id='block_1_1' title="bbox 202 250 902 319">
    <p class='ocr_par' dir='ltr' id='par_1_1' title="bbox 202 250 902 319">
     <span class='ocr_line' id='line_1_1' title="bbox 202 250 902 319; baseline 0 -10"><span class='ocrx_word' id='word_1_1' title='bbox 202 256 268 319; x_wconf 82' lang='grc'><strong><em>448</em></strong></span> <span class='ocrx_word' id='word_1_2' title='bbox 426 250 429 257; x_wconf 61' lang='grc'>’</span> <span class='ocrx_word' id='word_1_3' title='bbox 515 258 702 310; x_wconf 74' lang='grc' dir='ltr'>ΓΕΩΡΓΙΟΤ</span> <span class='ocrx_word' id='word_1_4' title='bbox 720 258 902 310; x_wconf 76' lang='grc' dir='ltr'><strong>ΜΟΝΑΧΟΤ</strong></span> 
     </span>
    </p>
   </div>
   <div class='ocr_carea' id='block_1_2' title="bbox 104 400 1286 2739">
    <p class='ocr_par' dir='ltr' id='par_1_2' title="bbox 203 400 1222 783">
     <span class='ocr_line' id='line_1_2' title="bbox 203 400 1222 490; baseline -0.001 -23"><span class='ocrx_word' id='word_1_5' title='bbox 203 406 274 484; x_wconf 76' lang='grc' dir='ltr'><strong><em>ἔφη·</em></strong></span> <span class='ocrx_word' id='word_1_6' title='bbox 299 400 440 486; x_wconf 80' lang='grc' dir='ltr'><strong><em>Ἰωάννης</em></strong></span> <span class='ocrx_word' id='word_1_7' title='bbox 468 404 483 467; x_wconf 87' lang='grc' dir='ltr'>ὁ</span> <span class='ocrx_word' id='word_1_8' title='bbox 511 405 639 484; x_wconf 82' lang='grc' dir='ltr'><strong><em>ἀδελφὸς</em></strong></span> <span class='ocrx_word' id='word_1_9' title='bbox 660 400 802 486; x_wconf 79' lang='grc' dir='ltr'><strong><em>Ἰακώβου</em></strong></span> <span class='ocrx_word' id='word_1_10' title='bbox 831 407 988 488; x_wconf 73' lang='grc' dir='ltr'><strong><em>κηρύσσων</em></strong></span> <span class='ocrx_word' id='word_1_11' title='bbox 1014 405 1047 467; x_wconf 77' lang='grc' dir='ltr'><strong><em>ἐν</em></strong></span> <span class='ocrx_word' id='word_1_12' title='bbox 1075 416 1110 490; x_wconf 80' lang='grc' dir='ltr'><strong><em>τῇ</em></strong></span> <span class='ocrx_word' id='word_1_13' title='bbox 1135 402 1222 490; x_wconf 75' lang='grc' dir='ltr'><strong><em>Ἀσίμ</em></strong></span> 
     </span>
     <span class='ocr_line' id='line_1_3' title="bbox 203 503 1222 591; baseline -0.002 -25"><span class='ocrx_word' id='word_1_14' title='bbox 203 504 254 566; x_wconf 86' lang='grc' dir='ltr'><strong><em>τὸν</em></strong></span> <span class='ocrx_word' id='word_1_15' title='bbox 286 506 374 586; x_wconf 85' lang='grc' dir='ltr'><strong><em>λόγον</em></strong></span> <span class='ocrx_word' id='word_1_16' title='bbox 404 504 552 587; x_wconf 78' lang='grc' dir='ltr'><strong><em>ἐξωρίσθη</em></strong></span> <span class='ocrx_word' id='word_1_17' title='bbox 580 503 611 565; x_wconf 77' lang='grc' dir='ltr'><strong><em>ἐν</em></strong></span> <span class='ocrx_word' id='word_1_18' title='bbox 634 505 748 588; x_wconf 76' lang='grc' dir='ltr'><strong><em>Πάτμῳ</em></strong></span> <span class='ocrx_word' id='word_1_19' title='bbox 775 514 810 591; x_wconf 77' lang='grc' dir='ltr'><strong><em>τῇ</em></strong></span> <span class='ocrx_word' id='word_1_20' title='bbox 837 504 920 586; x_wconf 80' lang='grc' dir='ltr'><strong><em>νήσῳ</em></strong></span> <span class='ocrx_word' id='word_1_21' title='bbox 947 503 1007 564; x_wconf 79' lang='grc' dir='ltr'><strong><em>ἀπὸ</em></strong></span> <span class='ocrx_word' id='word_1_22' title='bbox 1031 508 1222 582; x_wconf 74' lang='grc' dir='ltr'><strong><em>Δομετιανοῦ</em></strong></span> 
     </span>
     <span class='ocr_line' id='line_1_4' title="bbox 203 596 1222 683; baseline 0 -20"><span class='ocrx_word' id='word_1_23' title='bbox 203 602 344 683; x_wconf 85' lang='grc' dir='ltr'><strong><em>βασιλέως</em></strong></span> <span class='ocrx_word' id='word_1_24' title='bbox 361 596 526 682; x_wconf 87' lang='grc' dir='ltr'><strong><em>Ῥωμαίων,</em></strong></span> <span class='ocrx_word' id='word_1_25' title='bbox 554 601 695 664; x_wconf 69' lang='grc' dir='ltr'><strong><em>κάκείθεν</em></strong></span> <span class='ocrx_word' id='word_1_26' title='bbox 717 603 806 664; x_wconf 89' lang='grc' dir='ltr'><strong><em>πάλιν</em></strong></span> <span class='ocrx_word' id='word_1_27' title='bbox 829 603 871 676; x_wconf 90' lang='grc' dir='ltr'><strong><em>είς</em></strong></span> <span class='ocrx_word' id='word_1_28' title='bbox 885 600 1018 681; x_wconf 78' lang='grc' dir='ltr'><strong><em>Ἔφεσον</em></strong></span> <span class='ocrx_word' id='word_1_29' title='bbox 1041 601 1073 663; x_wconf 81' lang='grc' dir='ltr'><strong><em>ἐκ</em></strong></span> <span class='ocrx_word' id='word_1_30' title='bbox 1095 611 1149 681; x_wconf 77' lang='grc' dir='ltr'><strong><em>τῆς</em></strong></span> <span class='ocrx_word' id='word_1_31' title='bbox 1174 601 1222 674; x_wconf 76' lang='grc' dir='ltr'><strong><em>ἐξ·</em></strong></span> 
     </span>
     <span class='ocr_line' id='line_1_5' title="bbox 205 696 1222 783; baseline -0.005 -19"><span class='ocrx_word' id='word_1_32' title='bbox 205 702 287 783; x_wconf 85' lang='grc' dir='ltr'><strong><em>ορίας</em></strong></span> <span class='ocrx_word' id='word_1_33' title='bbox 310 699 491 779; x_wconf 79' lang='grc' dir='ltr'><strong><em>ἀνακληθεὶς</em></strong></span> <span class='ocrx_word' id='word_1_34' title='bbox 513 699 572 763; x_wconf 88' lang='grc' dir='ltr'><strong><em>ύπὸ</em></strong></span> <span class='ocrx_word' id='word_1_35' title='bbox 592 701 714 783; x_wconf 88' lang='grc' dir='ltr'><strong><em>Νερούα</em></strong></span> <span class='ocrx_word' id='word_1_36' title='bbox 736 699 837 763; x_wconf 78' lang='grc' dir='ltr'><strong><em>καὶτὸ</em></strong></span> <span class='ocrx_word' id='word_1_37' title='bbox 857 696 921 782; x_wconf 86' lang='grc' dir='ltr'><strong><em>κατ’</em></strong></span> <span class='ocrx_word' id='word_1_38' title='bbox 937 698 1027 761; x_wconf 81' lang='grc' dir='ltr'><strong><em>αὐτὸν</em></strong></span> <span class='ocrx_word' id='word_1_39' title='bbox 1046 697 1222 780; x_wconf 80' lang='grc' dir='ltr'><strong><em>εὐαγγέλιον</em></strong></span> 
     </span>
    </p>

    <p class='ocr_par' dir='ltr' id='par_1_3' title="bbox 176 796 1221 977">
     <span class='ocr_line' id='line_1_6' title="bbox 176 796 1221 881; baseline -0.001 -21"><span class='ocrx_word' id='word_1_40' title='bbox 176 798 465 881; x_wconf 76' lang='grc' dir='ltr'><strong><em>σσυγγραψάμενος,</em></strong></span> <span class='ocrx_word' id='word_1_41' title='bbox 488 798 564 860; x_wconf 74' lang='grc' dir='ltr'><strong><em>ἔνθα</em></strong></span> <span class='ocrx_word' id='word_1_42' title='bbox 587 798 637 860; x_wconf 85' lang='grc' dir='ltr'><strong><em>καλ</em></strong></span> <span class='ocrx_word' id='word_1_43' title='bbox 660 799 715 877; x_wconf 74' lang='grc' dir='ltr'><strong><em>τὴν</em></strong></span> <span class='ocrx_word' id='word_1_44' title='bbox 737 796 930 875; x_wconf 75' lang='grc' dir='ltr'><strong><em>ἀποκάλυψιν</em></strong></span> <span class='ocrx_word' id='word_1_45' title='bbox 951 798 1137 876; x_wconf 88' lang='grc' dir='ltr'><strong><em>θεασάμενος</em></strong></span> <span class='ocrx_word' id='word_1_46' title='bbox 1159 796 1221 859; x_wconf 84' lang='grc' dir='ltr'><strong><em>ε’τε-</em></strong></span> 
     </span>
     <span class='ocr_line' id='line_1_7' title="bbox 203 889 1004 977; baseline -0.002 -19"><span class='ocrx_word' id='word_1_47' title='bbox 203 896 352 977; x_wconf 85' lang='grc' dir='ltr'><strong><em>λεύτησεν,</em></strong></span> <span class='ocrx_word' id='word_1_48' title='bbox 375 889 411 958; x_wconf 81' lang='grc' dir='ltr'><strong><em>οὗ</em></strong></span> <span class='ocrx_word' id='word_1_49' title='bbox 435 896 466 957; x_wconf 86' lang='grc' dir='ltr'><strong><em>τὸ</em></strong></span> <span class='ocrx_word' id='word_1_50' title='bbox 490 898 634 974; x_wconf 81' lang='grc' dir='ltr'><strong><em>λείψανον</em></strong></span> <span class='ocrx_word' id='word_1_51' title='bbox 658 893 787 976; x_wconf 72' lang='grc' dir='ltr'><strong><em>ζητηθέν</em></strong></span> <span class='ocrx_word' id='word_1_52' title='bbox 810 896 864 977; x_wconf 78' lang='grc' dir='ltr'><strong><em>οὐχ</em></strong></span> <span class='ocrx_word' id='word_1_53' title='bbox 885 894 1004 976; x_wconf 71' lang='grc' dir='ltr'><strong><em>εὑρέθη.</em></strong></span> 
     </span>
    </p>

    <p class='ocr_par' dir='ltr' id='par_1_4' title="bbox 104 989 1223 1275">
     <span class='ocr_line' id='line_1_8' title="bbox 104 989 1223 1077; baseline 0 -22"><span class='ocrx_word' id='word_1_54' title='bbox 104 1008 144 1047; x_wconf 71' lang='grc'><strong><em>337</em></strong></span> <span class='ocrx_word' id='word_1_55' title='bbox 158 1006 189 1045; x_wconf 75' lang='grc' dir='ltr'><strong><em>Μ-</em></strong></span> <span class='ocrx_word' id='word_1_56' title='bbox 266 989 301 1055; x_wconf 87' lang='grc' dir='ltr'><strong><em>Ὁ</em></strong></span> <span class='ocrx_word' id='word_1_57' title='bbox 328 992 359 1055; x_wconf 79' lang='grc' dir='ltr'><strong><em>δὲ</em></strong></span> <span class='ocrx_word' id='word_1_58' title='bbox 391 1004 444 1055; x_wconf 81' lang='grc' dir='ltr'><strong><em>τοῦ</em></strong></span> <span class='ocrx_word' id='word_1_59' title='bbox 477 996 603 1075; x_wconf 75' lang='grc' dir='ltr'><strong><em>μεγάλου</em></strong></span> <span class='ocrx_word' id='word_1_60' title='bbox 630 996 798 1077; x_wconf 87' lang='grc' dir='ltr'><strong><em>Γρηγορίου</em></strong></span> <span class='ocrx_word' id='word_1_61' title='bbox 825 992 954 1072; x_wconf 78' lang='grc' dir='ltr'><strong><em>ἀδελφὸς</em></strong></span> <span class='ocrx_word' id='word_1_62' title='bbox 979 994 1144 1074; x_wconf 85' lang='grc' dir='ltr'><strong><em>Καισάριος</em></strong></span> <span class='ocrx_word' id='word_1_63' title='bbox 1168 993 1223 1055; x_wconf 79' lang='grc' dir='ltr'><strong><em>ἐ’πλ</em></strong></span> 
     </span>
     <span class='ocr_line' id='line_1_9' title="bbox 206 1090 1222 1174; baseline 0 -21"><span class='ocrx_word' id='word_1_64' title='bbox 206 1092 342 1173; x_wconf 83' lang='grc' dir='ltr'><strong><em>σεκρέτου</em></strong></span> <span class='ocrx_word' id='word_1_65' title='bbox 361 1091 393 1153; x_wconf 79' lang='grc' dir='ltr'><strong><em>ἐν</em></strong></span> <span class='ocrx_word' id='word_1_66' title='bbox 406 1094 720 1155; x_wconf 79' lang='grc' dir='ltr'><strong><em>Κωνσταντινουπόλει</em></strong></span> <span class='ocrx_word' id='word_1_67' title='bbox 738 1090 898 1173; x_wconf 74' lang='grc' dir='ltr'><strong><em>ἐρωτηθεὶς</em></strong></span> <span class='ocrx_word' id='word_1_68' title='bbox 915 1090 1104 1174; x_wconf 81' lang='grc' dir='ltr'><strong><em>περὶτούτων</em></strong></span> <span class='ocrx_word' id='word_1_69' title='bbox 1123 1092 1222 1165; x_wconf 75' lang='grc' dir='ltr'><strong><em>οὕτως</em></strong></span> 
     </span>
     <span class='ocr_line' id='line_1_10' title="bbox 205 1184 1221 1275; baseline 0 -24"><span class='ocrx_word' id='word_1_70' title='bbox 205 1189 381 1271; x_wconf 86' lang='grc' dir='ltr'><strong><em>ἀπεκρίνατο</em></strong></span> <span class='ocrx_word' id='word_1_71' title='bbox 409 1189 514 1272; x_wconf 88' lang='grc' dir='ltr'><strong><em>λέγων·</em></strong></span> <span class='ocrx_word' id='word_1_72' title='bbox 545 1190 634 1265; x_wconf 79' lang='grc' dir='ltr'><strong><em>αὐτὸς</em></strong></span> <span class='ocrx_word' id='word_1_73' title='bbox 652 1184 795 1270; x_wconf 81' lang='grc' dir='ltr'><strong><em>Ἰωάννης</em></strong></span> <span class='ocrx_word' id='word_1_74' title='bbox 817 1190 850 1252; x_wconf 78' lang='grc' dir='ltr'><strong><em>ἕν</em></strong></span> <span class='ocrx_word' id='word_1_75' title='bbox 872 1195 911 1275; x_wconf 78' lang='grc' dir='ltr'><strong><em>τῷ</em></strong></span> <span class='ocrx_word' id='word_1_76' title='bbox 930 1184 994 1251; x_wconf 85' lang='grc' dir='ltr'><strong><em>κατ’</em></strong></span> <span class='ocrx_word' id='word_1_77' title='bbox 1015 1189 1108 1253; x_wconf 78' lang='grc' dir='ltr'><strong><em>αὐτὸν</em></strong></span> <span class='ocrx_word' id='word_1_78' title='bbox 1131 1189 1221 1271; x_wconf 86' lang='grc' dir='ltr'><strong><em>εύαγ-</em></strong></span> 
     </span>
    </p>

    <p class='ocr_par' dir='ltr' id='par_1_5' title="bbox 165 1286 1286 2739">
     <span class='ocr_line' id='line_1_11' title="bbox 165 1286 1222 1373; baseline -0.001 -24"><span class='ocrx_word' id='word_1_79' title='bbox 165 1310 191 1349; x_wconf 83' lang='lat'><strong><em>1⁰</em></strong></span> <span class='ocrx_word' id='word_1_80' title='bbox 204 1290 289 1373; x_wconf 80' lang='grc' dir='ltr'><strong><em>γελίῳ</em></strong></span> <span class='ocrx_word' id='word_1_81' title='bbox 316 1290 390 1370; x_wconf 89' lang='grc' dir='ltr'><strong><em>πρὸς</em></strong></span> <span class='ocrx_word' id='word_1_82' title='bbox 418 1296 456 1373; x_wconf 81' lang='grc' dir='ltr'><strong><em>τῷ</em></strong></span> <span class='ocrx_word' id='word_1_83' title='bbox 481 1288 553 1351; x_wconf 84' lang='grc' dir='ltr'><strong><em>τέλει</em></strong></span> <span class='ocrx_word' id='word_1_84' title='bbox 580 1290 740 1368; x_wconf 78' lang='grc' dir='ltr'><strong><em>διεσάφησε</em></strong></span> <span class='ocrx_word' id='word_1_85' title='bbox 768 1297 854 1350; x_wconf 80' lang='grc' dir='ltr'><strong><em>τοῦτο</em></strong></span> <span class='ocrx_word' id='word_1_86' title='bbox 884 1288 1021 1367; x_wconf 86' lang='grc' dir='ltr'><strong><em>φάσκων·</em></strong></span> <span class='ocrx_word' id='word_1_87' title='bbox 1054 1286 1104 1348; x_wconf 80' lang='grc' dir='ltr'><strong><em>καλ</em></strong></span> <span class='ocrx_word' id='word_1_88' title='bbox 1131 1298 1222 1349; x_wconf 82' lang='grc' dir='ltr'><strong><em>τοῦτο</em></strong></span> 
     </span>
     <span class='ocr_line' id='line_1_12' title="bbox 204 1380 1221 1471; baseline 0 -24"><span class='ocrx_word' id='word_1_89' title='bbox 204 1385 297 1449; x_wconf 82' lang='grc' dir='ltr'><strong><em>εἰπὼν</em></strong></span> <span class='ocrx_word' id='word_1_90' title='bbox 315 1386 336 1450; x_wconf 80' lang='grc' dir='ltr'><strong><em>ύ</em></strong></span> <span class='ocrx_word' id='word_1_91' title='bbox 356 1380 473 1465; x_wconf 82' lang='grc' dir='ltr'><strong><em>Ἰησοῦς</em></strong></span> <span class='ocrx_word' id='word_1_92' title='bbox 489 1386 570 1468; x_wconf 75' lang='grc' dir='ltr'><strong><em>’λέγει</em></strong></span> <span class='ocrx_word' id='word_1_93' title='bbox 592 1386 688 1471; x_wconf 77' lang='grc' dir='ltr'><strong><em>αὐτῷ,</em></strong></span> <span class='ocrx_word' id='word_1_94' title='bbox 710 1380 790 1447; x_wconf 82' lang='grc' dir='ltr'><strong><em>τοῦτ’</em></strong></span> <span class='ocrx_word' id='word_1_95' title='bbox 811 1386 870 1447; x_wconf 75' lang='grc' dir='ltr'><strong><em>ἔστι</em></strong></span> <span class='ocrx_word' id='word_1_96' title='bbox 892 1393 932 1470; x_wconf 77' lang='grc' dir='ltr'><strong><em>τῷ</em></strong></span> <span class='ocrx_word' id='word_1_97' title='bbox 955 1384 1070 1471; x_wconf 81' lang='grc' dir='ltr'><strong><em>Πέτρῳ,</em></strong></span> <span class='ocrx_word' id='word_1_98' title='bbox 1093 1384 1221 1447; x_wconf 90' lang='grc' dir='ltr'><strong><em>ἀκολού-</em></strong></span> 
     </span>
     <span class='ocr_line' id='line_1_13' title="bbox 205 1480 1222 1567; baseline -0.002 -22"><span class='ocrx_word' id='word_1_99' title='bbox 205 1491 254 1545; x_wconf 92' lang='grc' dir='ltr'><strong><em>θει</em></strong></span> <span class='ocrx_word' id='word_1_100' title='bbox 278 1507 337 1563; x_wconf 87' lang='grc' dir='ltr'><strong><em>μοι.</em></strong></span> <span class='ocrx_word' id='word_1_101' title='bbox 382 1483 571 1567; x_wconf 79' lang='grc' dir='ltr'><strong><em>ἐπιστραφείς</em></strong></span> <span class='ocrx_word' id='word_1_102' title='bbox 592 1482 623 1544; x_wconf 79' lang='grc' dir='ltr'><strong><em>δὲ</em></strong></span> <span class='ocrx_word' id='word_1_103' title='bbox 643 1482 659 1545; x_wconf 84' lang='grc' dir='ltr'>ὁ</span> <span class='ocrx_word' id='word_1_104' title='bbox 678 1482 791 1565; x_wconf 82' lang='grc' dir='ltr'><strong><em>Πέτρος</em></strong></span> <span class='ocrx_word' id='word_1_105' title='bbox 813 1482 912 1563; x_wconf 80' lang='grc' dir='ltr'><strong><em>βλέπει</em></strong></span> <span class='ocrx_word' id='word_1_106' title='bbox 934 1484 986 1547; x_wconf 85' lang='grc' dir='ltr'><strong><em>τὸν</em></strong></span> <span class='ocrx_word' id='word_1_107' title='bbox 1006 1484 1160 1564; x_wconf 78' lang='grc' dir='ltr'><strong><em>μαθητήν,</em></strong></span> <span class='ocrx_word' id='word_1_108' title='bbox 1180 1480 1222 1545; x_wconf 75' lang='grc' dir='ltr'><strong><em>,ὃν</em></strong></span> 
     </span>
     <span class='ocr_line' id='line_1_14' title="bbox 205 1574 1286 1664; baseline 0.002 -23"><span class='ocrx_word' id='word_1_109' title='bbox 205 1580 306 1663; x_wconf 75' lang='grc' dir='ltr'><strong><em>ἠγάπα</em></strong></span> <span class='ocrx_word' id='word_1_110' title='bbox 329 1581 345 1644; x_wconf 83' lang='grc' dir='ltr'><em>ὃ</em></span> <span class='ocrx_word' id='word_1_111' title='bbox 365 1574 491 1661; x_wconf 83' lang='grc' dir='ltr'><strong><em>Ἰησοῦς,</em></strong></span> <span class='ocrx_word' id='word_1_112' title='bbox 514 1580 740 1642; x_wconf 78' lang='grc' dir='ltr'><strong><em>ἀκολουθοῦντα</em></strong></span> <span class='ocrx_word' id='word_1_113' title='bbox 762 1583 814 1642; x_wconf 91' lang='grc' dir='ltr'><strong><em>καί</em></strong></span> <span class='ocrx_word' id='word_1_114' title='bbox 835 1598 940 1661; x_wconf 85' lang='grc' dir='ltr'><strong><em>φησιν·</em></strong></span> <span class='ocrx_word' id='word_1_115' title='bbox 964 1582 1057 1664; x_wconf 88' lang='grc' dir='ltr'><strong><em>κύριε,</em></strong></span> <span class='ocrx_word' id='word_1_116' title='bbox 1080 1574 1169 1654; x_wconf 84' lang='grc' dir='ltr'><strong><em>οὗτος</em></strong></span> <span class='ocrx_word' id='word_1_117' title='bbox 1189 1579 1221 1643; x_wconf 73' lang='grc' dir='ltr'><strong><em>δὲ</em></strong></span> <span class='ocrx_word' id='word_1_118' title='bbox 1285 1577 1286 1580; x_wconf 26' lang='grc'><strong>“</strong></span> 
     </span>
     <span class='ocr_line' id='line_1_15' title="bbox 205 1674 1222 1762; baseline 0.003 -23"><span class='ocrx_word' id='word_1_119' title='bbox 205 1680 246 1755; x_wconf 73' lang='grc' dir='ltr'><strong><em>τίς</em></strong></span> <span class='ocrx_word' id='word_1_120' title='bbox 274 1678 324 1739; x_wconf 79' lang='grc' dir='ltr'><strong><em>καὶ</em></strong></span> <span class='ocrx_word' id='word_1_121' title='bbox 351 1677 426 1760; x_wconf 82' lang='grc' dir='ltr'><strong><em>λέγει</em></strong></span> <span class='ocrx_word' id='word_1_122' title='bbox 454 1679 534 1762; x_wconf 79' lang='grc' dir='ltr'><strong><em>αὐτῷ</em></strong></span> <span class='ocrx_word' id='word_1_123' title='bbox 558 1676 573 1739; x_wconf 83' lang='grc' dir='ltr'><em>ὅ</em></span> <span class='ocrx_word' id='word_1_124' title='bbox 594 1674 720 1757; x_wconf 84' lang='grc' dir='ltr'><strong><em>Ἰησοῦς·</em></strong></span> <span class='ocrx_word' id='word_1_125' title='bbox 748 1678 800 1740; x_wconf 80' lang='grc' dir='ltr'><strong><em>ἕάν</em></strong></span> <span class='ocrx_word' id='word_1_126' title='bbox 827 1679 919 1741; x_wconf 81' lang='grc' dir='ltr'><strong><em>αὐτὸν</em></strong></span> <span class='ocrx_word' id='word_1_127' title='bbox 940 1677 1019 1741; x_wconf 91' lang='grc' dir='ltr'><strong><em>θέλω</em></strong></span> <span class='ocrx_word' id='word_1_128' title='bbox 1043 1678 1142 1758; x_wconf 89' lang='grc' dir='ltr'><strong><em>μένειν</em></strong></span> <span class='ocrx_word' id='word_1_129' title='bbox 1165 1678 1222 1753; x_wconf 75' lang='grc' dir='ltr'><strong><em>ἕως</em></strong></span> 
     </span>
     <span class='ocr_line' id='line_1_16' title="bbox 166 1770 1222 1859; baseline 0.001 -22"><span class='ocrx_word' id='word_1_130' title='bbox 166 1799 192 1839; x_wconf 83' lang='lat'><strong><em>15</em></strong></span> <span class='ocrx_word' id='word_1_131' title='bbox 207 1775 341 1858; x_wconf 68' lang='grc' dir='ltr'><strong><em>ἔρχομαι,</em></strong></span> <span class='ocrx_word' id='word_1_132' title='bbox 373 1777 403 1837; x_wconf 87' lang='grc' dir='ltr'><strong><em>τί</em></strong></span> <span class='ocrx_word' id='word_1_133' title='bbox 430 1776 504 1857; x_wconf 88' lang='grc' dir='ltr'><strong><em>πρὸς</em></strong></span> <span class='ocrx_word' id='word_1_134' title='bbox 532 1775 577 1853; x_wconf 85' lang='grc' dir='ltr'><strong><em>σέ;</em></strong></span> <span class='ocrx_word' id='word_1_135' title='bbox 610 1776 715 1857; x_wconf 78' lang='grc' dir='ltr'><strong><em>ἐξῆλθε</em></strong></span> <span class='ocrx_word' id='word_1_136' title='bbox 743 1774 775 1837; x_wconf 80' lang='grc' dir='ltr'><strong><em>δέ</em></strong></span> <span class='ocrx_word' id='word_1_137' title='bbox 802 1774 819 1837; x_wconf 84' lang='grc' dir='ltr'><em>ὅ</em></span> <span class='ocrx_word' id='word_1_138' title='bbox 846 1778 932 1859; x_wconf 81' lang='grc' dir='ltr'><strong><em>λύγος</em></strong></span> <span class='ocrx_word' id='word_1_139' title='bbox 963 1770 1049 1850; x_wconf 71' lang='grc' dir='ltr'><strong><em>οὗτος</em></strong></span> <span class='ocrx_word' id='word_1_140' title='bbox 1080 1777 1123 1850; x_wconf 85' lang='grc' dir='ltr'><strong><em>εἰς</em></strong></span> <span class='ocrx_word' id='word_1_141' title='bbox 1150 1778 1222 1851; x_wconf 80' lang='grc' dir='ltr'><strong><em>τοὺς</em></strong></span> 
     </span>
     <span class='ocr_line' id='line_1_17' title="bbox 208 1872 1286 1955; baseline 0 -21"><span class='ocrx_word' id='word_1_142' title='bbox 208 1873 370 1954; x_wconf 78' lang='grc' dir='ltr'><strong><em>ἀδελφούς,</em></strong></span> <span class='ocrx_word' id='word_1_143' title='bbox 400 1872 449 1934; x_wconf 85' lang='grc' dir='ltr'><strong><em>καὶ</em></strong></span> <span class='ocrx_word' id='word_1_144' title='bbox 472 1874 577 1948; x_wconf 78' lang='grc' dir='ltr'><strong><em>ἔδοξαν</em></strong></span> <span class='ocrx_word' id='word_1_145' title='bbox 600 1874 644 1936; x_wconf 80' lang='grc' dir='ltr'><strong><em>ὅτι</em></strong></span> <span class='ocrx_word' id='word_1_146' title='bbox 667 1873 684 1937; x_wconf 74' lang='grc' dir='ltr'><strong>ὅ</strong></span> <span class='ocrx_word' id='word_1_147' title='bbox 707 1874 846 1955; x_wconf 76' lang='grc' dir='ltr'><strong><em>μαθητὴς</em></strong></span> <span class='ocrx_word' id='word_1_148' title='bbox 867 1874 979 1948; x_wconf 76' lang='grc' dir='ltr'><strong><em>ἐκεῖνος</em></strong></span> <span class='ocrx_word' id='word_1_149' title='bbox 1001 1874 1058 1937; x_wconf 87' lang='grc' dir='ltr'><strong><em>οάκ</em></strong></span> <span class='ocrx_word' id='word_1_150' title='bbox 1080 1873 1221 1955; x_wconf 81' lang='grc' dir='ltr'><strong><em>ἀποθνή-</em></strong></span> <span class='ocrx_word' id='word_1_151' title='bbox 1285 1929 1286 1934; x_wconf 73' lang='grc'><strong><em>,</em></strong></span> 
     </span>
     <span class='ocr_line' id='line_1_18' title="bbox 206 1966 1286 2066; baseline 0 -33"><span class='ocrx_word' id='word_1_152' title='bbox 206 1991 274 2033; x_wconf 88' lang='grc' dir='ltr'><strong><em>σκει.</em></strong></span> <span class='ocrx_word' id='word_1_153' title='bbox 321 1970 370 2033; x_wconf 84' lang='grc' dir='ltr'><strong><em>καλ</em></strong></span> <span class='ocrx_word' id='word_1_154' title='bbox 399 1971 454 2033; x_wconf 83' lang='grc' dir='ltr'><strong><em>οὐκ</em></strong></span> <span class='ocrx_word' id='word_1_155' title='bbox 482 1966 564 2034; x_wconf 83' lang='grc' dir='ltr'><strong><em>εἶπεν</em></strong></span> <span class='ocrx_word' id='word_1_156' title='bbox 591 1972 670 2057; x_wconf 78' lang='grc' dir='ltr'><strong><em>αὐτῷ</em></strong></span> <span class='ocrx_word' id='word_1_157' title='bbox 694 1972 739 2034; x_wconf 81' lang='grc' dir='ltr'><strong><em>ὅτι</em></strong></span> <span class='ocrx_word' id='word_1_158' title='bbox 766 1972 823 2035; x_wconf 79' lang='grc' dir='ltr'><strong><em>οὐκ</em></strong></span> <span class='ocrx_word' id='word_1_159' title='bbox 849 1971 1049 2052; x_wconf 80' lang='grc' dir='ltr'><strong><em>ἀποθνήσκει,</em></strong></span> <span class='ocrx_word' id='word_1_160' title='bbox 1077 1968 1141 2033; x_wconf 87' lang='grc' dir='ltr'><strong><em>ἀλλ’</em></strong></span> <span class='ocrx_word' id='word_1_161' title='bbox 1167 1971 1221 2034; x_wconf 78' lang='grc' dir='ltr'><strong><em>ἐὰν</em></strong></span> <span class='ocrx_word' id='word_1_162' title='bbox 1285 2027 1286 2066; x_wconf 23' lang='grc' dir='ltr'><strong><em>η</em></strong></span> 
     </span>
     <span class='ocr_line' id='line_1_19' title="bbox 182 2063 1286 2151; baseline 0.001 -20"><span class='ocrx_word' id='word_1_163' title='bbox 182 2071 297 2133; x_wconf 71' lang='grc' dir='ltr'><strong><em>αὐτὸν</em></strong></span> <span class='ocrx_word' id='word_1_164' title='bbox 328 2069 407 2132; x_wconf 78' lang='grc' dir='ltr'><strong><em>θέλω</em></strong></span> <span class='ocrx_word' id='word_1_165' title='bbox 440 2068 538 2150; x_wconf 80' lang='grc' dir='ltr'><strong><em>μένειν</em></strong></span> <span class='ocrx_word' id='word_1_166' title='bbox 571 2069 626 2143; x_wconf 81' lang='grc' dir='ltr'><strong><em>έως</em></strong></span> <span class='ocrx_word' id='word_1_167' title='bbox 657 2070 790 2151; x_wconf 78' lang='grc' dir='ltr'><strong><em>ἔρχομαι,</em></strong></span> <span class='ocrx_word' id='word_1_168' title='bbox 827 2072 856 2132; x_wconf 82' lang='grc' dir='ltr'><strong><em>τί</em></strong></span> <span class='ocrx_word' id='word_1_169' title='bbox 885 2071 958 2151; x_wconf 81' lang='grc' dir='ltr'><strong><em>πρὸς</em></strong></span> <span class='ocrx_word' id='word_1_170' title='bbox 990 2069 1036 2148; x_wconf 83' lang='grc' dir='ltr'><strong><em>σέ;</em></strong></span> <span class='ocrx_word' id='word_1_171' title='bbox 1068 2069 1131 2132; x_wconf 82' lang='grc' dir='ltr'><strong><em>ε’πεὶ</em></strong></span> <span class='ocrx_word' id='word_1_172' title='bbox 1163 2063 1221 2132; x_wconf 78' lang='grc' dir='ltr'><strong><em>οὖν</em></strong></span> <span class='ocrx_word' id='word_1_173' title='bbox 1285 2105 1286 2108; x_wconf 35' lang='lat'>¹</span> 
     </span>
     <span class='ocr_line' id='line_1_20' title="bbox 206 2166 1220 2254; baseline -0.002 -23"><span class='ocrx_word' id='word_1_174' title='bbox 206 2168 376 2241; x_wconf 87' lang='grc' dir='ltr'><strong><em>ἀλιεύοντας</em></strong></span> <span class='ocrx_word' id='word_1_175' title='bbox 404 2168 512 2242; x_wconf 82' lang='grc' dir='ltr'><strong><em>αὐτούς</em></strong></span> <span class='ocrx_word' id='word_1_176' title='bbox 539 2168 723 2247; x_wconf 78' lang='grc' dir='ltr'><strong><em>κατειληφὼς</em></strong></span> <span class='ocrx_word' id='word_1_177' title='bbox 749 2176 788 2253; x_wconf 80' lang='grc' dir='ltr'><strong><em>τῷ</em></strong></span> <span class='ocrx_word' id='word_1_178' title='bbox 808 2168 911 2254; x_wconf 80' lang='grc' dir='ltr'><strong><em>Πέτρῳ</em></strong></span> <span class='ocrx_word' id='word_1_179' title='bbox 939 2167 1020 2254; x_wconf 78' lang='grc' dir='ltr'><strong><em>μόνῳ</em></strong></span> <span class='ocrx_word' id='word_1_180' title='bbox 1043 2166 1220 2250; x_wconf 81' lang='grc' dir='ltr'><strong><em>προσέταξεν</em></strong></span> 
     </span>
     <span class='ocr_line' id='line_1_21' title="bbox 166 2260 1286 2351; baseline 0.001 -23"><span class='ocrx_word' id='word_1_181' title='bbox 166 2289 193 2329; x_wconf 77' lang='lat'><strong><em>20</em></strong></span> <span class='ocrx_word' id='word_1_182' title='bbox 206 2266 330 2330; x_wconf 74' lang='grc' dir='ltr'><strong><em>ἕπεσθαι</em></strong></span> <span class='ocrx_word' id='word_1_183' title='bbox 353 2266 440 2351; x_wconf 74' lang='grc' dir='ltr'><strong><em>αύτῷ,</em></strong></span> <span class='ocrx_word' id='word_1_184' title='bbox 463 2266 530 2329; x_wconf 78' lang='grc' dir='ltr'><strong><em>ὅδὲ</em></strong></span> <span class='ocrx_word' id='word_1_185' title='bbox 553 2266 602 2328; x_wconf 81' lang='grc' dir='ltr'><strong><em>καλ</em></strong></span> <span class='ocrx_word' id='word_1_186' title='bbox 625 2268 678 2330; x_wconf 83' lang='grc' dir='ltr'><strong><em>τὸν</em></strong></span> <span class='ocrx_word' id='word_1_187' title='bbox 692 2260 836 2345; x_wconf 85' lang='grc' dir='ltr'><strong><em>Ἰωάννην</em></strong></span> <span class='ocrx_word' id='word_1_188' title='bbox 853 2265 1093 2348; x_wconf 80' lang='grc' dir='ltr'><strong><em>συμπορεύεσθαι</em></strong></span> <span class='ocrx_word' id='word_1_189' title='bbox 1110 2268 1220 2346; x_wconf 70' lang='grc' dir='ltr'><strong><em>βουλά</em></strong></span> <span class='ocrx_word' id='word_1_190' title='bbox 1285 2273 1286 2276; x_wconf 67' lang='grc'>’</span> 
     </span>
     <span class='ocr_line' id='line_1_22' title="bbox 207 2358 1218 2448; baseline -0.001 -22"><span class='ocrx_word' id='word_1_191' title='bbox 207 2388 294 2444; x_wconf 85' lang='grc' dir='ltr'><strong><em>μενος</em></strong></span> <span class='ocrx_word' id='word_1_192' title='bbox 312 2364 384 2443; x_wconf 76' lang='grc' dir='ltr'><strong><em>ἔφη·</em></strong></span> <span class='ocrx_word' id='word_1_193' title='bbox 408 2365 501 2446; x_wconf 83' lang='grc' dir='ltr'><strong><em>κύριε,</em></strong></span> <span class='ocrx_word' id='word_1_194' title='bbox 525 2358 611 2438; x_wconf 82' lang='grc' dir='ltr'><strong><em>οὗτος</em></strong></span> <span class='ocrx_word' id='word_1_195' title='bbox 629 2363 662 2425; x_wconf 80' lang='grc' dir='ltr'><strong><em>δέ</em></strong></span> <span class='ocrx_word' id='word_1_196' title='bbox 680 2365 722 2441; x_wconf 70' lang='grc' dir='ltr'><strong><em>τίς</em></strong></span> <span class='ocrx_word' id='word_1_197' title='bbox 746 2362 782 2425; x_wconf 80' lang='grc' dir='ltr'><strong><em>ὃν</em></strong></span> <span class='ocrx_word' id='word_1_198' title='bbox 799 2365 944 2437; x_wconf 79' lang='grc' dir='ltr'><strong><em>θεσπίσας</em></strong></span> <span class='ocrx_word' id='word_1_199' title='bbox 962 2361 978 2425; x_wconf 81' lang='grc' dir='ltr'><em>ὅ</em></span> <span class='ocrx_word' id='word_1_200' title='bbox 994 2359 1108 2443; x_wconf 75' lang='grc' dir='ltr'><strong><em>Ἰησοῦς</em></strong></span> <span class='ocrx_word' id='word_1_201' title='bbox 1126 2383 1218 2448; x_wconf 90' lang='grc' dir='ltr'><strong><em>προσ-</em></strong></span> 
     </span>
     <span class='ocr_line' id='line_1_23' title="bbox 207 2460 1220 2547; baseline 0.001 -24"><span class='ocrx_word' id='word_1_202' title='bbox 207 2461 306 2542; x_wconf 89' lang='grc' dir='ltr'><strong><em>μένειν</em></strong></span> <span class='ocrx_word' id='word_1_203' title='bbox 333 2461 380 2524; x_wconf 83' lang='grc' dir='ltr'><strong><em>έπὶ</em></strong></span> <span class='ocrx_word' id='word_1_204' title='bbox 407 2472 460 2541; x_wconf 79' lang='grc' dir='ltr'><strong><em>τῆς</em></strong></span> <span class='ocrx_word' id='word_1_205' title='bbox 487 2460 585 2536; x_wconf 85' lang='grc' dir='ltr'><strong><em>ἀλείας</em></strong></span> <span class='ocrx_word' id='word_1_206' title='bbox 612 2464 719 2542; x_wconf 79' lang='grc' dir='ltr'><strong><em>φησίν·</em></strong></span> <span class='ocrx_word' id='word_1_207' title='bbox 749 2461 802 2523; x_wconf 81' lang='grc' dir='ltr'><strong><em>ἒάυ</em></strong></span> <span class='ocrx_word' id='word_1_208' title='bbox 829 2461 920 2525; x_wconf 77' lang='grc' dir='ltr'><strong><em>αὐτὸν</em></strong></span> <span class='ocrx_word' id='word_1_209' title='bbox 942 2460 1021 2523; x_wconf 89' lang='grc' dir='ltr'><strong><em>θέλω</em></strong></span> <span class='ocrx_word' id='word_1_210' title='bbox 1050 2460 1149 2547; x_wconf 79' lang='grc' dir='ltr'><strong><em>μένειν</em></strong></span> <span class='ocrx_word' id='word_1_211' title='bbox 1171 2462 1186 2524; x_wconf 75' lang='grc' dir='ltr'><em>ἕ</em></span> <span class='ocrx_word' id='word_1_212' title='bbox 1205 2500 1220 2508; x_wconf 89' lang='grc'><strong>-</strong></span> 
     </span>
     <span class='ocr_line' id='line_1_24' title="bbox 207 2552 1218 2642; baseline 0.001 -22"><span class='ocrx_word' id='word_1_213' title='bbox 207 2566 306 2620; x_wconf 80' lang='grc' dir='ltr'><strong><em>ταύθα</em></strong></span> <span class='ocrx_word' id='word_1_214' title='bbox 328 2558 378 2620; x_wconf 84' lang='grc' dir='ltr'><strong><em>καλ</em></strong></span> <span class='ocrx_word' id='word_1_215' title='bbox 401 2557 528 2620; x_wconf 82' lang='grc' dir='ltr'><strong><em>ἁλιεύειν</em></strong></span> <span class='ocrx_word' id='word_1_216' title='bbox 550 2558 604 2633; x_wconf 73' lang='grc' dir='ltr'><strong><em>ἕως</em></strong></span> <span class='ocrx_word' id='word_1_217' title='bbox 627 2558 666 2620; x_wconf 85' lang='grc' dir='ltr'><strong><em>ἀν</em></strong></span> <span class='ocrx_word' id='word_1_218' title='bbox 686 2558 875 2641; x_wconf 80' lang='grc' dir='ltr'><strong><em>ὑποστρέψας</em></strong></span> <span class='ocrx_word' id='word_1_219' title='bbox 896 2558 1016 2642; x_wconf 77' lang='grc' dir='ltr'><strong><em>ἔρχομαι</em></strong></span> <span class='ocrx_word' id='word_1_220' title='bbox 1038 2560 1127 2620; x_wconf 89' lang='grc' dir='ltr'><strong><em>πάλιν</em></strong></span> <span class='ocrx_word' id='word_1_221' title='bbox 1151 2552 1218 2640; x_wconf 78' lang='grc' dir='ltr'><strong><em>ὦδε,</em></strong></span> 
     </span>
     <span class='ocr_line' id='line_1_25' title="bbox 207 2649 1219 2739; baseline 0.002 -22"><span class='ocrx_word' id='word_1_222' title='bbox 207 2659 237 2718; x_wconf 88' lang='grc' dir='ltr'><strong><em>τί</em></strong></span> <span class='ocrx_word' id='word_1_223' title='bbox 257 2656 330 2739; x_wconf 84' lang='grc' dir='ltr'><strong><em>πρὸς</em></strong></span> <span class='ocrx_word' id='word_1_224' title='bbox 353 2655 398 2734; x_wconf 83' lang='grc' dir='ltr'><strong><em>σέ;</em></strong></span> <span class='ocrx_word' id='word_1_225' title='bbox 422 2656 493 2717; x_wconf 81' lang='grc' dir='ltr'><strong><em>ὥστε</em></strong></span> <span class='ocrx_word' id='word_1_226' title='bbox 516 2649 572 2718; x_wconf 82' lang='grc' dir='ltr'><strong><em>οάν</em></strong></span> <span class='ocrx_word' id='word_1_227' title='bbox 595 2654 698 2738; x_wconf 82' lang='grc' dir='ltr'><strong><em>ἀριστα</em></strong></span> <span class='ocrx_word' id='word_1_228' title='bbox 721 2658 937 2738; x_wconf 81' lang='grc' dir='ltr'><strong><em>διορθούμενος</em></strong></span> <span class='ocrx_word' id='word_1_229' title='bbox 956 2657 1011 2737; x_wconf 78' lang='grc' dir='ltr'><strong><em>τὴν</em></strong></span> <span class='ocrx_word' id='word_1_230' title='bbox 1030 2656 1219 2737; x_wconf 78' lang='grc' dir='ltr'><strong><em>ε’σφαλμένην</em></strong></span> 
     </span>
    </p>
   </div>
   <div class='ocr_carea' id='block_1_3' title="bbox 211 2850 1217 2992">
    <p class='ocr_par' dir='ltr' id='par_1_6' title="bbox 211 2850 1217 2992">
     <span class='ocr_line' id='line_1_26' title="bbox 211 2850 1217 2981; baseline 0 -72"><span class='ocrx_word' id='word_1_231' title='bbox 211 2933 244 2981; x_wconf 70' lang='lat'><strong><em>10</em></strong></span> <span class='ocrx_word' id='word_1_232' title='bbox 261 2860 376 2980; x_wconf 46' lang='grc' dir='ltr'><strong><em>ὖῖῐὲρ</em></strong></span> <span class='ocrx_word' id='word_1_233' title='bbox 396 2853 542 2979; x_wconf 45' lang='grc' dir='ltr'><strong><em>ἕξειὲξει</em></strong></span> <span class='ocrx_word' id='word_1_234' title='bbox 560 2850 914 2926; x_wconf 70' lang='lat' dir='ltr'>Dialog.HI,179&#39;Migne</span> <span class='ocrx_word' id='word_1_235' title='bbox 932 2854 1163 2924; x_wconf 74' lang='lat' dir='ltr'>Tom.38‚1152.</span> <span class='ocrx_word' id='word_1_236' title='bbox 1183 2888 1217 2897; x_wconf 91' lang='lat'><em>-</em></span> 
     </span>
     <span class='ocr_line' id='line_1_27' title="bbox 279 2944 510 2992; baseline -0.022 -11"><span class='ocrx_word' id='word_1_237' title='bbox 279 2944 323 2981; x_wconf 93' lang='grc' dir='ltr'><strong><em>ο.</em></strong></span> <span class='ocrx_word' id='word_1_238' title='bbox 375 2968 382 2992; x_wconf 91' lang='grc'><strong><em>,</em></strong></span> <span class='ocrx_word' id='word_1_239' title='bbox 432 2956 466 2965; x_wconf 91' lang='grc'>-</span> <span class='ocrx_word' id='word_1_240' title='bbox 505 2965 510 2976; x_wconf 90' lang='grc'><strong>.</strong></span> 
     </span>
    </p>
   </div>
   <div class='ocr_carea' id='block_1_4' title="bbox 208 3099 1219 3459">
    <p class='ocr_par' dir='ltr' id='par_1_7' title="bbox 208 3099 1219 3459">
     <span class='ocr_line' id='line_1_28' title="bbox 281 3099 1217 3173; baseline 0.001 -15"><span class='ocrx_word' id='word_1_241' title='bbox 281 3110 296 3158; x_wconf 84' lang='grc'>3</span> <span class='ocrx_word' id='word_1_242' title='bbox 310 3112 366 3158; x_wconf 82' lang='grc' dir='ltr'><strong><em>τῶν</em></strong></span> <span class='ocrx_word' id='word_1_243' title='bbox 381 3099 419 3173; x_wconf 67' lang='lat' dir='ltr'><strong><em>§m</em></strong></span> <span class='ocrx_word' id='word_1_244' title='bbox 460 3100 511 3157; x_wconf 89' lang='grc' dir='ltr'><strong><em>ίων</em></strong></span> <span class='ocrx_word' id='word_1_245' title='bbox 520 3102 554 3156; x_wconf 88' lang='lat' dir='ltr'><strong><em>N.</em></strong></span> <span class='ocrx_word' id='word_1_246' title='bbox 565 3134 598 3143; x_wconf 87' lang='lat'><em>—</em></span> <span class='ocrx_word' id='word_1_247' title='bbox 614 3111 631 3158; x_wconf 81' lang='lat'>4</span> <span class='ocrx_word' id='word_1_248' title='bbox 644 3112 748 3173; x_wconf 79' lang='grc' dir='ltr'><strong><em>νεροῦα</em></strong></span> <span class='ocrx_word' id='word_1_249' title='bbox 758 3103 843 3158; x_wconf 82' lang='lat' dir='ltr'><strong>cLM.</strong></span> <span class='ocrx_word' id='word_1_250' title='bbox 853 3137 888 3145; x_wconf 88' lang='lat'><strong>—</strong></span> <span class='ocrx_word' id='word_1_251' title='bbox 901 3110 917 3158; x_wconf 75' lang='grc' dir='ltr'><strong><em>λ</em></strong></span> <span class='ocrx_word' id='word_1_252' title='bbox 930 3103 1217 3171; x_wconf 72' lang='grc' dir='ltr'><strong><em>καισάοειοςΕΕΜΒ.</em></strong></span> 
     </span>
     <span class='ocr_line' id='line_1_29' title="bbox 208 3170 1216 3245; baseline 0 -16"><span class='ocrx_word' id='word_1_253' title='bbox 208 3204 244 3215; x_wconf 85' lang='grc'>-</span> <span class='ocrx_word' id='word_1_254' title='bbox 264 3179 296 3229; x_wconf 78' lang='grc'><strong><em>16</em></strong></span> <span class='ocrx_word' id='word_1_255' title='bbox 317 3175 348 3230; x_wconf 74' lang='grc' dir='ltr'><strong><em>δὲ</em></strong></span> <span class='ocrx_word' id='word_1_256' title='bbox 366 3174 414 3229; x_wconf 86' lang='grc' dir='ltr'><strong><em>ΑΒ</em></strong></span> <span class='ocrx_word' id='word_1_257' title='bbox 460 3170 511 3229; x_wconf 79' lang='grc' dir='ltr'><strong><em>οάν</em></strong></span> <span class='ocrx_word' id='word_1_258' title='bbox 528 3174 661 3231; x_wconf 82' lang='lat' dir='ltr'>rell.J0h.</span> <span class='ocrx_word' id='word_1_259' title='bbox 680 3208 715 3216; x_wconf 95' lang='lat'><em>-</em></span> <span class='ocrx_word' id='word_1_260' title='bbox 734 3171 816 3239; x_wconf 75' lang='grc' dir='ltr'><strong><em>οὗτος</em></strong></span> <span class='ocrx_word' id='word_1_261' title='bbox 829 3194 881 3231; x_wconf 85' lang='grc' dir='ltr'><strong><em>ωκ.</em></strong></span> <span class='ocrx_word' id='word_1_262' title='bbox 900 3175 989 3231; x_wconf 62' lang='grc' dir='ltr'><strong><em>Βία</em></strong></span> <span class='ocrx_word' id='word_1_263' title='bbox 1005 3192 1076 3230; x_wconf 81' lang='lat' dir='ltr'>rece.</span> <span class='ocrx_word' id='word_1_264' title='bbox 1093 3175 1216 3245; x_wconf 71' lang='lat' dir='ltr'><strong>quidam.</strong></span> 
     </span>
     <span class='ocr_line' id='line_1_30' title="bbox 208 3246 1219 3315; baseline 0 -14"><span class='ocrx_word' id='word_1_265' title='bbox 208 3250 248 3305; x_wconf 77' lang='grc' dir='ltr'><strong><em>1η,</em></strong></span> <span class='ocrx_word' id='word_1_266' title='bbox 264 3246 286 3299; x_wconf 86' lang='lat' dir='ltr'>L</span> <span class='ocrx_word' id='word_1_267' title='bbox 304 3264 338 3301; x_wconf 85' lang='lat' dir='ltr'><strong><em>m.</em></strong></span> <span class='ocrx_word' id='word_1_268' title='bbox 354 3252 370 3300; x_wconf 85' lang='lat'><strong><em>1</em></strong></span> <span class='ocrx_word' id='word_1_269' title='bbox 388 3262 443 3315; x_wconf 79' lang='lat' dir='ltr'><strong><em>spr.</em></strong></span> <span class='ocrx_word' id='word_1_270' title='bbox 462 3262 528 3301; x_wconf 77' lang='lat' dir='ltr'><strong><em>vers.</em></strong></span> <span class='ocrx_word' id='word_1_271' title='bbox 549 3247 612 3301; x_wconf 81' lang='grc' dir='ltr'><strong><em>οάά.</em></strong></span> <span class='ocrx_word' id='word_1_272' title='bbox 633 3278 667 3287; x_wconf 92' lang='grc'>-</span> <span class='ocrx_word' id='word_1_273' title='bbox 686 3252 720 3301; x_wconf 89' lang='grc'><strong><em>16</em></strong></span> <span class='ocrx_word' id='word_1_274' title='bbox 738 3247 789 3300; x_wconf 89' lang='grc' dir='ltr'><strong><em>καλ</em></strong></span> <span class='ocrx_word' id='word_1_275' title='bbox 806 3247 906 3311; x_wconf 74' lang='grc' dir='ltr'><strong><em>ἔδοξαν</em></strong></span> <span class='ocrx_word' id='word_1_276' title='bbox 924 3246 1000 3301; x_wconf 84' lang='lat' dir='ltr'><strong><em>ABP</em></strong></span> <span class='ocrx_word' id='word_1_277' title='bbox 1018 3264 1068 3304; x_wconf 80' lang='lat' dir='ltr'><strong><em>om.</em></strong></span> <span class='ocrx_word' id='word_1_278' title='bbox 1084 3246 1219 3302; x_wconf 81' lang='lat' dir='ltr'><strong>relLJoh.</strong></span> 
     </span>
     <span class='ocr_line' id='line_1_31' title="bbox 210 3312 1219 3386; baseline 0 -15"><span class='ocrx_word' id='word_1_279' title='bbox 210 3323 292 3371; x_wconf 78' lang='lat'><strong><em>-17</em></strong></span> <span class='ocrx_word' id='word_1_280' title='bbox 311 3318 360 3371; x_wconf 88' lang='grc' dir='ltr'><strong><em>καλ</em></strong></span> <span class='ocrx_word' id='word_1_281' title='bbox 378 3318 430 3372; x_wconf 88' lang='grc' dir='ltr'><strong><em>ούκ</em></strong></span> <span class='ocrx_word' id='word_1_282' title='bbox 448 3312 570 3373; x_wconf 88' lang='grc' dir='ltr'><strong><em>είπεν-</em></strong></span> <span class='ocrx_word' id='word_1_283' title='bbox 581 3317 757 3385; x_wconf 83' lang='grc' dir='ltr'><strong><em>ἀποθνήσκει</em></strong></span> <span class='ocrx_word' id='word_1_284' title='bbox 776 3335 826 3373; x_wconf 83' lang='lat' dir='ltr'><strong><em>om.</em></strong></span> <span class='ocrx_word' id='word_1_285' title='bbox 840 3317 896 3373; x_wconf 84' lang='lat' dir='ltr'><strong><em>BC.</em></strong></span> <span class='ocrx_word' id='word_1_286' title='bbox 917 3350 951 3358; x_wconf 94' lang='lat'><strong>—</strong></span> <span class='ocrx_word' id='word_1_287' title='bbox 970 3324 1003 3371; x_wconf 83' lang='lat'><strong><em>21</em></strong></span> <span class='ocrx_word' id='word_1_288' title='bbox 1023 3317 1117 3386; x_wconf 85' lang='grc' dir='ltr'><strong><em>μένειν</em></strong></span> <span class='ocrx_word' id='word_1_289' title='bbox 1133 3317 1169 3373; x_wconf 85' lang='lat' dir='ltr'><strong><em>N.</em></strong></span> <span class='ocrx_word' id='word_1_290' title='bbox 1184 3351 1219 3359; x_wconf 96' lang='lat'>—</span> 
     </span>
     <span class='ocr_line' id='line_1_32' title="bbox 210 3387 876 3459; baseline 0 -16"><span class='ocrx_word' id='word_1_291' title='bbox 210 3394 244 3443; x_wconf 69' lang='lat'><strong><em>24</em></strong></span> <span class='ocrx_word' id='word_1_292' title='bbox 263 3392 356 3457; x_wconf 78' lang='grc' dir='ltr'><strong><em>θιορθ.</em></strong></span> <span class='ocrx_word' id='word_1_293' title='bbox 372 3390 464 3443; x_wconf 70' lang='grc' dir='ltr'><strong><em>αὐτῶν</em></strong></span> <span class='ocrx_word' id='word_1_294' title='bbox 482 3388 533 3457; x_wconf 81' lang='grc' dir='ltr'><strong><em>τὴν</em></strong></span> <span class='ocrx_word' id='word_1_295' title='bbox 552 3388 727 3459; x_wconf 82' lang='grc' dir='ltr'><strong><em>έσφαλμένην</em></strong></span> <span class='ocrx_word' id='word_1_296' title='bbox 745 3387 826 3444; x_wconf 84' lang='grc' dir='ltr'><strong><em>ἀπόν.</em></strong></span> <span class='ocrx_word' id='word_1_297' title='bbox 841 3389 876 3443; x_wconf 89' lang='lat' dir='ltr'><strong><em>N.</em></strong></span> 
     </span>
    </p>
   </div>
   <div class='ocr_carea' id='block_1_5' title="bbox 210 3528 1219 3707">
    <p class='ocr_par' dir='ltr' id='par_1_8' title="bbox 210 3528 1219 3707">
     <span class='ocr_line' id='line_1_33' title="bbox 282 3528 1219 3640; baseline 0.002 -19"><span class='ocrx_word' id='word_1_298' title='bbox 282 3573 296 3621; x_wconf 73' lang='grc' dir='ltr'><strong><em>λ</em></strong></span> <span class='ocrx_word' id='word_1_299' title='bbox 321 3562 369 3620; x_wconf 83' lang='grc' dir='ltr'><strong><em>καί</em></strong></span> <span class='ocrx_word' id='word_1_300' title='bbox 391 3586 422 3637; x_wconf 87' lang='grc' dir='ltr'><strong><em>γε</em></strong></span> <span class='ocrx_word' id='word_1_301' title='bbox 445 3528 532 3620; x_wconf 81' lang='grc' dir='ltr'><strong><em>καλύ</em></strong></span> <span class='ocrx_word' id='word_1_302' title='bbox 554 3574 604 3621; x_wconf 78' lang='grc' dir='ltr'><strong><em>τοῦ</em></strong></span> <span class='ocrx_word' id='word_1_303' title='bbox 627 3566 655 3620; x_wconf 90' lang='grc' dir='ltr'><strong><em>Ρ.</em></strong></span> <span class='ocrx_word' id='word_1_304' title='bbox 684 3598 720 3607; x_wconf 93' lang='lat'>-</span> <span class='ocrx_word' id='word_1_305' title='bbox 748 3565 928 3636; x_wconf 83' lang='grc' dir='ltr'><strong><em>9-ἀπεκρίθη</em></strong></span> <span class='ocrx_word' id='word_1_306' title='bbox 950 3566 979 3621; x_wconf 90' lang='grc' dir='ltr'><strong><em>Ρ.</em></strong></span> <span class='ocrx_word' id='word_1_307' title='bbox 1004 3599 1039 3607; x_wconf 95' lang='grc'>-</span> <span class='ocrx_word' id='word_1_308' title='bbox 1064 3573 1097 3620; x_wconf 82' lang='lat'><strong><em>14</em></strong></span> <span class='ocrx_word' id='word_1_309' title='bbox 1119 3568 1219 3640; x_wconf 81' lang='grc' dir='ltr'><strong><em>αάτὸν]</em></strong></span> 
     </span>
     <span class='ocr_line' id='line_1_34' title="bbox 210 3635 1107 3707; baseline -0.002 -14"><span class='ocrx_word' id='word_1_310' title='bbox 210 3639 285 3693; x_wconf 78' lang='grc' dir='ltr'><strong><em>αὐτῶ</em></strong></span> <span class='ocrx_word' id='word_1_311' title='bbox 303 3638 342 3693; x_wconf 36' lang='grc' dir='ltr'><strong><em>Ρ..</em></strong></span> <span class='ocrx_word' id='word_1_312' title='bbox 353 3670 386 3680; x_wconf 94' lang='lat'><strong><em>·-</em></strong></span> <span class='ocrx_word' id='word_1_313' title='bbox 407 3643 439 3691; x_wconf 73' lang='lat'><strong><em>17</em></strong></span> <span class='ocrx_word' id='word_1_314' title='bbox 460 3635 501 3692; x_wconf 81' lang='grc' dir='ltr'><strong><em>ὅτι</em></strong></span> <span class='ocrx_word' id='word_1_315' title='bbox 519 3654 569 3693; x_wconf 73' lang='grc' dir='ltr'><strong><em>σοι.</em></strong></span> <span class='ocrx_word' id='word_1_316' title='bbox 584 3637 613 3693; x_wconf 90' lang='grc' dir='ltr'><strong><em>Ρ.</em></strong></span> <span class='ocrx_word' id='word_1_317' title='bbox 633 3669 668 3678; x_wconf 93' lang='grc'><strong>-</strong></span> <span class='ocrx_word' id='word_1_318' title='bbox 687 3644 721 3691; x_wconf 76' lang='lat'><strong><em>22</em></strong></span> <span class='ocrx_word' id='word_1_319' title='bbox 740 3637 867 3693; x_wconf 78' lang='grc' dir='ltr'><strong><em>ἐνταῦθα</em></strong></span> <span class='ocrx_word' id='word_1_320' title='bbox 885 3638 992 3707; x_wconf 74' lang='grc' dir='ltr'><strong><em>δηλαδὴ</em></strong></span> <span class='ocrx_word' id='word_1_321' title='bbox 1010 3639 1059 3693; x_wconf 83' lang='grc' dir='ltr'><strong><em>καὶ</em></strong></span> <span class='ocrx_word' id='word_1_322' title='bbox 1078 3638 1107 3692; x_wconf 92' lang='lat' dir='ltr'><strong><em>P.</em></strong></span> 
     </span>
    </p>
   </div>
   <div class='ocr_carea' id='block_1_6' title="bbox 0 0 1314 3909">
    <p class='ocr_par' dir='ltr' id='par_1_9' title="bbox 0 0 1314 3909">
     <span class='ocr_line' id='line_1_35' title="bbox 0 0 1314 3909; baseline 0 0"><span class='ocrx_word' id='word_1_323' title='bbox 0 0 1314 3909; x_wconf 95' lang='lat' dir='ltr'><strong><em> </em></strong></span> 
     </span>
    </p>
   </div>
  </div>
 </body>
</html>
