2617 3909
531 252 722 303 Χεοααιοα
1066 250 1130 315 437

116 409 171 461 τοῦ
198 398 393 479 οἰκοδομῆσαι
411 394 602 478 Ἰερουσαλήμ
631 398 687 472 ἕως
713 409 831 479 χριστοῦ
855 397 1023 480 ἡγουμένου
1046 398 1131 479 ἓβδο

118 498 210 576 μάδες
233 493 260 569 ζ’
282 496 333 557 καὶ
355 496 517 577 ἓβδομάδες
540 494 597 575 ξβ’.

458 672 523 751 [ια’.
556 674 645 757 Περὶ
671 672 799 755 Τίτου]

185 798 274 859 Μετὰ
305 796 338 860 δέ
373 798 599 861 Οὐεσπασιανὸν
631 799 798 880 ἐβασίλευσε
829 801 912 872 Τίτος
943 800 1009 874 υίδς
1040 800 1131 862 αύιού

114 890 182 976 ἔτη
195 894 235 978 γ’.
280 896 331 958 καὶ
358 896 421 981 ὥρᾳ
447 903 554 981 θερινῇ
582 898 756 979 πανήμερον
783 895 982 979 ὁδοιπορήσας
1008 898 1058 960 καὶ
1085 900 1132 960 αί-
1159 920 1172 959 5

116 994 308 1076 μορραγήσας
330 995 381 1056 διὰ
402 1004 462 1056 τῶν
484 996 642 1077 μυκτήρων
665 995 725 1057 ύπὸ
748 1006 801 1057 τοῦ
823 992 910 1075 ήλίου
934 997 1132 1077 συμφλεχθελς

115 1092 169 1154 καί
196 1093 277 1153 πάνυ
307 1092 530 1172 λιποθυμήσας,
558 1094 598 1155 ἐτι
625 1092 789 1172 ἐμπνέοντα
815 1093 906 1155 αὐτὸν
933 1093 1068 1173 ἐνέβαλεν
1089 1096 1132 1169 είς

114 1190 171 1251 τὸν
193 1191 290 1267 τάφον
310 1191 491 1269 Δομετιανὸς
509 1188 525 1251 δ
548 1189 677 1268 ἀδελφὸς
699 1192 792 1254 αὐτοῦ
815 1187 878 1253 κατ’
900 1191 1061 1273 ἐπιτροπήν
1078 1203 1132 1271 τῆς
1160 1186 1165 1196 ’

114 1287 259 1370 γυναικὸς
284 1289 380 1349 Τίτου.
426 1287 442 1350 δ
465 1281 521 1349 οὖν
549 1289 719 1368 θαυμάσιος
745 1291 828 1363 Τίτος
850 1283 938 1363 ούτος
961 1291 1131 1368 φιλοσοφώ-

114 1408 204 1458 τατος
225 1384 275 1445 καί
298 1385 524 1466 εὐγλωττύτατός
546 1408 575 1446 τε
598 1385 648 1447 καὶ
671 1388 904 1466 πολεμιώτατος
925 1388 987 1466 άμα
1009 1387 1058 1448 καλ
1081 1387 1131 1466 με’-
1145 1409 1171 1447 10

114 1506 197 1565 τριος
219 1480 295 1564 άγαν
317 1482 459 1564 ὑπάρχων
481 1482 531 1545 καλ
553 1482 741 1568 άγαθουργίγ
763 1488 857 1569 πολλῇ
880 1483 931 1545 καὶ
949 1486 1130 1569 σωφροσύνῃ

114 1604 146 1643 τε
173 1579 224 1641 καὶ
251 1582 426 1665 δικαιοσύνῃ
458 1580 508 1642 καί
535 1582 680 1663 φρονήσει
706 1583 908 1661 κοσμούμενος
935 1581 1128 1663 ἐκδηλοτέραν
1142 1596 1182 1636 ³28
1200 1596 1231 1636 M·

115 1680 210 1741 άπασι
235 1680 377 1758 πεποίηκε
404 1680 460 1758 τήν
487 1679 594 1741 ἑαυτοῦ
619 1681 811 1757 συμπάθειαν
833 1679 866 1741 ἐν
893 1688 928 1763 τῇ
952 1678 1057 1741 άλάσει
1079 1689 1131 1759 τῆς

109 1773 312 1858 Ἰερουσαλήμ.
362 1778 480 1857 σφύδρα
510 1776 566 1863 γάρ
598 1776 745 1856 ἐπένθησε
772 1776 842 1850 τούς
868 1778 1034 1856 θεηλάτους
1057 1772 1130 1839 Ἰου-

116 1876 222 1947 δαίους
252 1874 329 1953 τότε,
361 1874 411 1936 καί
443 1879 553 1953 μᾶλλον
584 1875 636 1937 τὸν
667 1882 754 1936 θεῖον
783 1874 858 1937 ναὸν
884 1876 1130 1957 πυρπολούμενον
1145 1898 1171 1939 15

116 1963 198 2054 δρῶν
224 1971 365 2055 ἐδάκρυσε
393 1972 443 2033 καί
469 1972 521 2034 τὸν
548 1974 623 2035 θεὸν
645 1973 817 2051 ἐδυσάπησε
839 1979 938 2053 τυχεῖν
960 1972 1060 2047 ἐλέους
1082 1973 1131 2034 καὶ

114 2066 305 2152 συγγνώμης,
329 2068 369 2143 ὡς
392 2069 428 2131 ού
450 2071 525 2131 κατὰ
547 2071 602 2151 τήν
625 2070 732 2133 ἑαυτοῦ
750 2072 922 2152 προαίρεσιν
940 2080 1031 2133 ταῦτα
1048 2071 1131 2153 γεγό-

115 2186 220 2245 νασιν,
247 2166 319 2229 άλλδι
346 2167 397 2229 διδι
423 2168 478 2248 τήν
505 2168 627 2231 ἐκείνων
649 2175 799 2249 θεοστυγή
823 2169 1011 2245 δυστροπίαν.
1058 2168 1131 2229 ὅθεν

116 2266 156 2344 δή
181 2264 251 2345 μετά
274 2266 329 2344 τήν
351 2266 460 2328 άλωσιν
483 2265 557 2347 πρὸς
574 2266 644 2339 τοὺς
662 2266 918 2346 άνακηρύττοντας
936 2266 1028 2328 αύτδν
1045 2288 1129 2344 νικη-

114 2364 172 2442 τήν
195 2362 244 2423 καί
264 2372 460 2444 τροπαιοῦχον
480 2365 617 2425 διωθεῖτο
636 2363 688 2436 τὰς
706 2362 892 2444 ἀναρρήσεις,
910 2362 950 2436 ὡς
968 2363 1025 2425 οὐκ
1043 2363 1130 2436 αὐτὸς
1144 2386 1170 2425 ιο

115 2461 274 2542 εἰργάσθαι
296 2470 386 2523 ταῦτα
410 2463 519 2540 φήσας,
542 2459 614 2522 άλλδι
633 2461 769 2546 θεηλάτιμ
792 2460 843 2522 καὶ
864 2463 935 2545 θείᾳ
956 2459 1029 2545 ὀργῇ
1052 2467 1129 2522 καθ-

114 2568 305 2641 υπουργήσαι
322 2558 372 2620 καί
395 2558 446 2632 τὰς
469 2564 566 2640 χεῖρας
588 2557 804 2620 ἐπιδεδωκέναι.
841 2556 1005 2620 κάντεύθεν
1027 2560 1130 2620 τοίνυν

114 2654 167 2717 διά
198 2655 253 2735 τήν
284 2654 392 2736 ἀρετήν
424 2655 516 2718 αὐτοῦ
549 2655 599 2717 καί
625 2658 905 2738 ταπεινοφροσύνην
931 2655 1130 2739 παγγέραστος

114 2752 166 2814 καλ
196 2751 414 2834 πανεπέραστος
444 2754 601 2835 γενόμενος
628 2755 723 2828 ούτως
749 2753 938 2834 ἐτελεύτησεν.
989 2764 1129 2817 τοσοῦτον

187 2931 204 2977 4
217 2934 292 2987 τῑτος
300 2924 441 2978 BDEFV.
453 2958 488 2965 -
501 2925 588 2990 δυλὸς
597 2926 713 2979 AFMR.
724 2958 758 2966 -
774 2931 788 2978 7
802 2925 1012 2995 λειποθυμήσας
1021 2924 1127 2979 BCEM.

114 3027 150 3036 -
165 3000 181 3049 9
197 2997 284 3050 αὐτοῦ
297 2994 375 3050 τὶτου
387 2996 414 3049 N
428 2998 515 3051 αύτοῦ
525 2996 557 3051 R.
569 3030 603 3038 -
617 2993 700 3061 ούτος
712 2996 787 3059 τίτας
800 2997 854 3050 ΡΒ.
867 3028 900 3036 -
914 2995 1081 3060 mogssssv.
1094 3030 1128 3035 —

116 3072 148 3121 11
168 3066 303 3137 ὑπάρχων
321 3067 395 3139 άγαν
413 3066 437 3120 D
461 3067 596 3140 ὑπάρχων
614 3086 665 3123 ουτ.
685 3068 722 3121 Μ.
747 3100 780 3108 -
804 3065 980 3143 άγαθοεργλρι
998 3068 1126 3121 BRExc.

113 3138 150 3192 de
169 3139 231 3191 virt.
251 3171 286 3178 -
306 3144 338 3193 15
357 3140 587 3209 πυρπολούμενον
606 3139 681 3208 δρῶν
699 3138 849 3193 ABPExc.
874 3138 948 3206 δρῶν
968 3139 1128 3206 πυρπολού-

113 3229 200 3280 μενον
213 3208 273 3263 rell.
290 3242 323 3250 -
344 3214 376 3264 17
395 3211 483 3264 αὐτοῦ
497 3210 543 3264 ΑΟ
553 3210 617 3265 Exc.
634 3242 668 3251 —
687 3216 720 3265 21
736 3210 886 3280 εἰργάσθαι
900 3209 1052 3264 AODLPV
1071 3210 1127 3278 είρ-

113 3284 223 3351 γασθαι
241 3280 327 3334 ΒΕΜ
350 3280 493 3350 εἴργασται
511 3280 608 3335 FExc.
633 3281 809 3351 ἐργάσασθαι
827 3282 852 3333 R
878 3280 1013 3369 ἐργάσατο
1037 3280 1067 3335 G.
1093 3314 1127 3321 -

112 3360 196 3407 τοῦτο
220 3351 277 3405 RV.
302 3384 337 3391 -
363 3350 432 3426 θεία
456 3352 505 3405 καί
527 3352 656 3425 θεηλάτφ
680 3352 748 3423 ὀργῇ
774 3352 796 3405 Β
823 3354 953 3425 θεηλατφ
982 3352 1049 3422 ὀργῇ
1078 3354 1127 3405 καὶ

113 3421 183 3499 θείᾳ
201 3422 237 3477 N.
256 3455 291 3463 -
310 3428 344 3476 24
362 3431 493 3485 τοσοῦτος
510 3423 565 3477 LR.

186 3562 201 3609 2
217 3558 285 3611 Ροιί
297 3574 320 3611 υ.
332 3562 348 3609 2
358 3558 417 3612 αλία
431 3556 528 3611 add?
542 3557 575 3611 de
589 3564 686 3625 septem
696 3557 908 3612 hebdomadibus
921 3562 947 3611 et
955 3554 1124 3610 σ’κιλσεοννπ

112 3628 221 3699 νοςιλιαε
238 3630 271 3681 in
289 3631 366 3683 tertio
383 3628 520 3683 volumine
538 3630 649 3683 edenda.
