2617 3909
526 264 714 315 XPONIKON
1062 262 1125 327 391

119 412 250 491 δίκαιον,
274 410 318 472 ότι
342 411 521 493 δύσχρηστος
543 408 615 491 ήμῖν
638 410 698 472 ἔστι
720 411 770 471 καί
792 411 977 473 ἐναντιοῦται
999 417 1059 485 τοῖς
1082 412 1128 492 έρ-

119 533 183 592 γοις
205 506 291 589 ήμῶν
313 508 364 569 καί
386 506 519 583 ὀνειδίζει
541 506 613 588 ήμῐν
636 507 780 591 ἁμαρτίας
801 508 898 589 νόμον
920 508 970 571 καί
991 509 1128 591 ἐπαγγέλ-

118 614 195 669 λεται
217 616 328 688 γνῶσιν
350 606 425 686 ἔχειν
447 612 522 668 θεοῦ
545 605 595 667 καὶ
617 608 710 667 παῖδα
732 608 838 687 κυρίου
861 606 966 669 ἑαυτὸν
985 605 1128 686 ὀνομάζει.

118 704 229 787 ἐγένετο
245 700 335 784 ’ήμῐν
367 703 409 777 είς
441 703 557 785 έλεγχον
588 703 713 766 ἐννοιῶν
740 702 826 785 ἡμῶν
852 704 902 766 καλ
930 706 1024 787 βαρύς
1050 706 1129 767 ἐστιν

117 801 190 883 ήμῖν
212 801 263 863 καί
285 801 473 883 βλεπόμενος,
497 802 542 863 ότι
564 801 705 882 ἀνόμοιος
728 809 788 877 τοῖς
811 801 909 877 ἀλλοις
932 802 1010 865 έστλν
1029 801 1044 864 δ
1063 804 1128 883 βίος
1156 824 1168 864 5

118 900 222 980 αὐτοῦ,
244 898 294 961 καλ
312 898 520 981 ἐξηλλαγμέναι
541 901 575 960 αί
590 901 685 981 τρίβοι
708 900 808 962 αὐτοῦ.
845 902 887 975 εἰς
904 902 1048 982 κίβδηλον
1066 900 1129 963 έλο-

118 1000 265 1079 γίσθημεν
288 996 375 1082 αὐτῷ,
397 996 447 1058 καί
470 996 604 1077 ἀπέχεται
627 1008 687 1059 τῶν
709 997 789 1060 δδῶν
807 996 892 1079 ἡμῶν
913 997 953 1073 ὡς
974 998 1034 1062 ἀπὸ
1056 998 1129 1060 ἀκα-

118 1102 268 1177 θαρσιῶν,
305 1097 454 1176 μακαρίζει
491 1094 522 1157 δὲ
555 1095 658 1177 ἔσχατα
689 1098 814 1158 δικαίων
845 1096 895 1158 καὶ
926 1096 1130 1171 ἀλαζονεάεται

118 1192 229 1273 πατέρα
251 1192 333 1254 θεόν.
379 1193 497 1274 ἴδωμεν,
520 1194 547 1254 εί
568 1195 600 1255 οί
619 1192 702 1275 λόγοι
720 1193 812 1256 αὐτοῦ
829 1195 906 1256 εἰσιν
924 1194 1058 1275 ἀληθεῖς,
1079 1194 1130 1256 καὶ

118 1292 302 1373 πειράσωμεν
329 1288 365 1351 τά
391 1289 424 1351 ἐν
450 1290 567 1371 ἐκβάσει
589 1292 690 1353 αὐτοῦ.
736 1293 762 1353 εἰ
783 1293 839 1373 γάρ
861 1292 921 1354 ἔστι
944 1294 1058 1367 δίκαιος
1080 1292 1170 1354 καίεο

119 1388 185 1461 υίὸς
207 1395 298 1469 θεοῦ,
325 1386 517 1467 ἀντιλήψεται
539 1388 632 1450 αῦτοῦ
655 1388 705 1450 καί
727 1390 845 1470 βάσεται
867 1390 960 1453 αὐτόν
981 1389 1014 1452 ἐκ
1036 1391 1130 1471 χειρὸς

119 1485 353 1565 ἀνθεστηκότων.
390 1487 474 1567 ὕβρει
492 1484 541 1547 καλ
560 1487 680 1571 βασάνῳ
698 1486 845 1567 έτάσωμεν
864 1488 965 1568 αὐτόν,
986 1489 1037 1549 λ’να
1053 1498 1130 1569 γνῶ-

120 1608 174 1663 μεν
200 1584 255 1663 τήν
283 1582 441 1646 ἐπιείκειαν
468 1584 560 1646 αὐτοῦ
592 1583 642 1645 καλ
674 1586 880 1665 δοκιμάσωμεν
910 1587 965 1666 τήν
996 1586 1130 1661 ἀνεξικα-

119 1684 188 1743 κίαν
220 1682 321 1743 αὐτοῦ.
371 1682 492 1768 θανάτῳ
522 1680 667 1762 ἀσχήμονι
696 1684 936 1764 καταδικάσωμεν
963 1684 1054 1747 αὐτόν
1081 1684 1131 1745 καί

120 1780 239 1859 ἴδωμεν,
262 1780 290 1841 εἰ
310 1778 389 1841 ἔσται
411 1779 504 1841 αὐτοῦ
527 1778 672 1858 έπισκοπή
695 1780 728 1842 έκ
749 1782 845 1861 λόγων
866 1782 965 1842 αὐτοῦ.
1011 1775 1054 1844 ὧν
1076 1783 1131 1862 τήν
1145 1799 1171 1840 15

119 1878 287 1959 παράνοιάν
314 1900 343 1938 τε
370 1876 420 1938 καὶ
449 1875 624 1956 δυσμένειαν
651 1870 685 1939 εὖ
713 1878 790 1957 μάλα
816 1891 1039 1961 κατακερτομῶν
1061 1880 1130 1959 ἐπή-

119 1990 220 2056 γαγεν·
244 1974 524 2065 ταῦταὶέλογίσαντο
547 1975 597 2036 καί
614 1974 839 2057 ἐπλανήθησαν,
861 1975 1052 2056 ἀπετόφλωσε
1074 1978 1130 2060 γάρ

64 2148 72 2163 ⁸
120 2072 230 2145 αὐτοῦς
256 2070 276 2151 ή
304 2074 392 2134 κακία
419 2072 532 2154 αὐτῶν,
559 2072 609 2134 καλ
637 2072 693 2134 οῦκ
720 2073 851 2155 ἔγνωσαν
879 2076 1025 2156 μυστήρια
1046 2082 1130 2137 θεοῦ.

121 2169 174 2244 οῦς
197 2169 236 2249 δή
259 2169 309 2231 καλ
332 2169 348 2233 ό
371 2170 527 2244 θεσπέσιος
546 2165 669 2244 Ἡσαΐας
691 2176 816 2251 θρηνῶν
834 2172 1021 2256 συνγδόντως
1043 2171 1130 2254 λέγει·

121 2267 190 2329 οῦαλ
212 2276 247 2352 τῇ
271 2276 354 2353 ψυχή
379 2268 491 2349 αὐτῶν,
522 2268 598 2330 διότι
624 2267 836 2348 ἐβουλεύσαντο
859 2270 973 2350 βουλήν
995 2270 1131 2352 πονηράν
1145 2288 1172 2327 ιο

120 2361 193 2428 καθ’
215 2364 327 2426 ἑαυτῶν
348 2365 490 2440 εἰπόντες·
515 2366 652 2445 δήσωμεν
670 2366 722 2427 τὸν
740 2368 867 2448 δίκαιον,
890 2368 934 2429 ὅτι
953 2368 1132 2451 δύσχρηστος

121 2461 195 2543 ήμῑν
217 2462 303 2524 έστιν.
345 2462 488 2524 δέδεικται
509 2465 612 2525 τοίνυν
632 2462 825 2546 ἐναργέστατα
842 2462 862 2545 ἡ
881 2466 960 2528 αἰτία
977 2476 1030 2547 τῆς
1047 2466 1132 2546 ὑμῶν

122 2560 181 2624 ἀπὸ
218 2567 293 2623 θεοῦ
329 2560 542 2642 ἀλλοτριώσεως
578 2585 607 2623 τε
643 2560 694 2623 καὶ
729 2562 960 2644 έγκαταλείψεως
995 2564 1044 2625 καλ
1080 2574 1133 2644 τῆς

122 2661 279 2739 διηνεκοῦς
301 2657 351 2720 καλ
369 2657 536 2742 ἀπεράντου
553 2660 759 2741 ταλαιπωρίας,
781 2661 861 2743 εἴπερ
880 2662 1025 2741 βούλεσθε
1041 2661 1132 2723 ἀκοά-

122 2780 204 2831 οντες
227 2758 394 2838 ἐπιγνῶναι.
1147 2776 1171 2817 25

189 2854 250 2915 Καὶ
273 2853 339 2936 περὶ
362 2852 415 2933 μέν
433 2863 485 2934 τής
502 2855 535 2917 έν
552 2858 711 2936 Βαβυλῶνι
729 2856 926 2936 αἰχμαλωσίας
943 2857 1028 2937 ὑμῶν
1046 2854 1133 2939 ὡρισ-

123 2952 213 3033 μένον
240 2953 347 3033 χρόνον
374 2946 458 3014 εἷπον
485 2954 517 3013 οἱ
536 2962 688 3035 προφῆται
711 2953 760 3014 καὶ
783 2952 836 3033 μέν
858 2977 891 3035 γε
912 2954 962 3015 καλ
984 2954 1040 3035 τήν
1063 2954 1133 3015 έπά-

122 3052 215 3112 νοδον
233 3048 282 3110 καὶ
300 3050 355 3129 τήν
373 3050 535 3129 οἰκοδομὴν
552 3060 605 3131 τῆς
623 3050 735 3123 πόλεως
753 3051 1011 3134 προκατήγγειλαν.
1043 3051 1133 3113 ἀκοῦ-

124 3166 191 3209 σατε
219 3147 274 3229 γάρ
294 3141 433 3228 Ἱερεμίου
460 3148 534 3228 πρὸς
561 3148 638 3226 ὑμᾶς
661 3147 807 3230 λέγοντος·
836 3148 886 3210 διὰ
908 3148 960 3222 τὰς
982 3147 1133 3231 ἁμαρτίας,

123 3244 160 3320 ἃς
181 3242 365 3327 ήμαρτήκατε
388 3241 522 3308 ἐναντίον
543 3256 595 3307 τοῦ
613 3252 699 3326 θεοῦ,
722 3245 892 3327 ἀχθήσεσθε
909 3247 951 3320 εἰς
969 3250 1134 3328 Βαβυλῶνα
1147 3267 1174 3307 so

196 3422 230 3471 το
249 3415 303 3471 Jes.
319 3423 348 3483 3,
363 3421 392 3483 93
408 3422 449 3471 ιο.
470 3448 503 3457 -
523 3422 556 3470 τε
574 3417 629 3471 Jer.
644 3416 695 3487 Ep.
712 3423 739 3484 13
755 3422 779 3469 ε,

196 3574 212 3621 5
233 3562 290 3621 έστλ
302 3576 362 3628 τοῖς
375 3566 468 3631 ἀλλοις
482 3566 570 3621 OFM.
590 3600 625 3607 -
645 3574 679 3622 14
693 3569 741 3621 καλ
755 3584 805 3623 om.
816 3566 851 3621 N.
867 3598 900 3606 —
920 3571 953 3620 15
969 3566 1045 3620 έσται
1063 3566 1138 3618 αῦτῶ

125 3640 178 3693 FR.
194 3671 229 3679 —
249 3643 283 3692 20
302 3639 369 3693 οίαῖ
381 3638 434 3693 ΑΟ.
449 3671 490 3712 -,
501 3638 585 3710 διότι]
601 3636 642 3692 ότι
655 3637 717 3692 BN.
733 3670 768 3678 —
787 3644 820 3691 26
840 3636 986 3705 ὁρισμένον
1000 3618 1132 3688 ADFLV.
