2617 3909
522 257 711 308 XPONIKON
1060 257 1123 321 511

110 389 303 484 έντρεπτικῶς
326 401 398 482 ἔφη·
417 401 473 481 ’μὴ
496 401 512 464 ὁ
535 402 627 482 νύχιος
650 401 736 484 ἡμῶν
759 405 851 485 κρίνει
875 406 926 468 τὸν
951 402 1127 486 ἄνθρωπον,

111 499 165 562 ἐὰν
189 499 229 579 μη
251 497 367 585 ἀκούση
385 494 460 582 ’παρ’
482 500 574 562 αὐτοῦ
596 510 715 581 πρῶτον
736 502 787 564 καλ
808 509 870 587 γνῷ
888 503 919 563 τί
933 508 1019 564 ποιεῖ.
1056 501 1127 582 ἀμέ-

112 603 156 658 λει
178 595 212 679 γέ
233 619 279 658 τοι
301 596 351 659 καί
374 598 406 659 οἱ
426 607 485 659 τῶν
508 597 562 672 ἔξω
585 599 675 677 σοφοί
695 609 781 661 τοῦτο
803 599 960 681 προδήλως
976 599 1127 680 έπεμφαί-

112 715 216 768 νοντες
237 696 315 757 ούτω
339 696 446 774 φασίν·
470 693 489 775 ἡ
509 695 562 776 μὲν
580 695 801 778 ἀμφισβήτησις
823 700 916 779 κρίσει
938 695 1128 781 ἀναρτύσθω,

112 789 132 871 ἡ
162 790 195 855 δὲ
226 794 321 874 κρίσις
353 792 422 866 τοὺς
449 792 583 875 ἐλέγχους
610 794 803 876 βασανιζέτω,
830 793 850 876 ἡ
879 795 911 858 δὲ
937 797 1068 878 βάσανος
1094 796 1127 857 τὸ
1155 817 1169 857 ε

114 889 184 952 δέον
207 889 338 971 δριζίτω,
362 889 378 953 δ
402 889 434 952 δέ
457 891 526 974 ὅρος
548 893 726 974 γεγράφθω,
756 893 791 955 τά
814 892 847 956 δέ
868 893 1053 976 γεγραμμένα
1075 917 1129 955 κυ-

114 987 249 1068 ρούσθω,
272 987 307 1049 τὰ
326 987 358 1050 δέ
376 987 551 1070 καρωθέντα
569 991 760 1070 βεβαιούσθω
779 998 840 1066 τοῖς
858 992 963 1075 ἔργοις,
981 991 1030 1053 καὶ
1049 1003 1129 1053 πᾶσα

112 1084 262 1166 ύψιμαχία
288 1084 430 1166 οἰχέσθω,
458 1085 508 1148 καί
534 1087 624 1148 πάλιν
643 1090 736 1167 ,φιλία
763 1088 910 1170 χορευέτω.
957 1089 1069 1152 ούιισύν
1092 1091 1129 1152 ού

113 1185 167 1246 δεῖ
179 1181 394 1264 ἀπερισκέπτως
413 1183 463 1246 καὶ
479 1183 683 1266 ἀβασανίστως
699 1188 961 1266 καταψηφίζεσθαι
975 1186 1026 1248 καὶ
1040 1188 1129 1268 ριψω

113 1281 264 1354 κινδύνως
290 1280 425 1365 ἐκφέρειν
452 1281 504 1364 τὰς
530 1281 696 1361 ἀποφάσεις
724 1283 798 1345 κατὰ
825 1293 887 1345 τῶν
912 1283 1129 1366 κατηγορουμέ-
1144 1307 1171 1347 ιο

114 1403 193 1459 νων,
223 1377 295 1440 ἀλλὰ
323 1379 393 1459 μετὰ
420 1381 555 1460 πλείστης
578 1380 702 1461 ἐρεύνης
723 1404 753 1442 τε
774 1381 825 1443 καί
846 1381 1025 1461 ἔκζητήσεως
1047 1380 1130 1464 ἀκρι-

115 1476 265 1557 βεστύτης.

181 1568 232 1648 Ὡς
251 1574 283 1636 έν
301 1580 365 1648 ταῖς
387 1573 594 1650 ἀποστολικαῖς
617 1577 766 1650 διοτύξεσί
781 1596 875 1657 φησιν
894 1575 910 1638 δ
928 1583 1012 1651 θεῖος
1032 1576 1130 1658 λόγος·

115 1673 189 1734 ἔστω
212 1671 245 1735 δὲ
267 1671 283 1735 δ
306 1672 408 1755 κριτὴς
434 1671 705 1755 ἀπροσωπόληπτος
732 1675 804 1755 μήτε
831 1676 973 1737 πλούσιον
996 1675 1132 1756 ἐντρεπό-

116 1793 205 1850 μενος
228 1768 248 1850 ἣ
270 1771 439 1833 κολακεύων
465 1771 545 1853 παρὰ
568 1771 600 1833 τὸ
623 1780 791 1854 προσῆκον,
815 1772 887 1851 μίγιε
916 1770 1042 1851 πένητος
1065 1767 1130 1850 φειὲ
1145 1795 1170 1836 ιε
1184 1795 1266 1835 41111.

116 1868 250 1946 δύμενος.
283 1867 333 1933 4ού
356 1868 440 1953 ληψη
463 1869 534 1950 γάρ,
562 1871 672 1950 φησίν,
695 1871 854 1951 πρόσωπον
878 1870 1041 1950 δυνάστου,
1068 1871 1130 1931 καί·

116 1964 230 2044 πένητα
261 1965 318 2027 ούκ
345 1964 470 2045 έλεήσεις
500 1965 532 2028 έν
559 1969 667 2049 κρίσει,
698 1968 742 2028 ὅτι
768 1978 821 2029 τοῦ
848 1968 954 2048 κυρίου
981 1964 1001 2046 ἡ
1028 1969 1131 2047 κρίσις.

116 2064 180 2126 καί·
210 2063 330 2136 δικαίως
359 2062 391 2123 τὸ
415 2064 532 2126 δίκαιον
555 2063 696 2138 διώξεται.
741 2065 803 2125 καί·
832 2064 888 2126 ούιι
910 2062 1007 2145 ἀρίσει
1029 2069 1068 2147 τῷ
1088 2064 1133 2123 δι-

116 2163 193 2248 καίφ
221 2158 310 2222 οὐδὲν
338 2158 450 2223 ύδικον.
496 2162 570 2224 ὅθεν
598 2161 635 2224 ού
664 2159 713 2222 δεῖ
735 2162 883 2222 πιστεύειν
905 2158 946 2234 ὣς
967 2160 1048 2240 ἔτυχε
1070 2165 1134 2233 τοῖς

116 2266 334 2340 κατηγοροῦσιν
356 2257 481 2339 ἀκρίτως
503 2259 553 2320 καί
576 2257 787 2340 ἀβασανίστως.
833 2258 956 2340 ἐγχωρεῖ
972 2258 1028 2340 γάρ
1049 2281 1132 2331 τινας
1146 2283 1173 2322 ιο

117 2355 169 2418 καί
196 2355 247 2418 διδι
273 2358 361 2436 ζῆλον
384 2353 405 2438 ἦ
428 2357 550 2435 φθόνον
577 2357 650 2418 κατά
677 2380 757 2431 τινος
779 2355 912 2436 ἀδελφοῦ
935 2355 1134 2434 ἐνστήσασθαι

118 2454 336 2535 ψευδηγορίαν,
359 2451 400 2528 ὦς
422 2456 455 2516 οί
475 2455 530 2516 δύο
553 2455 744 2537 πρεσβύτεροι
765 2454 839 2516 κατὰ
857 2454 1023 2533 Σωσύννης
1046 2451 1133 2533 καὶὴ

119 2553 270 2635 Αίγυπτία
299 2551 348 2613 ἐπὶ
370 2562 423 2614 τού
443 2548 561 2631 Ἰωσήφ.
603 2553 644 2632 Ισὺ
673 2545 729 2614 νύν
757 2550 797 2626 ὡς
819 2558 895 2614 θεοῦ
917 2549 1078 2634 ἅνθρωπος
1094 2550 1135 2612 τὰ

119 2659 242 2712 τοιαῦτα
266 2650 305 2729 μὴ
328 2651 489 2732 προχείρως
507 2650 685 2732 παραδέχου,
707 2651 758 2711 ἴνα
776 2649 816 2730 μη
835 2647 943 2733 ἀνέλης
960 2650 1012 2712 τδν
1029 2648 1135 2711 ἀθῶον

193 2818 207 2865 1
226 2812 288 2866 Joh.
309 2817 338 2880 7,
357 2816 399 2866 51.
425 2843 461 2852 -
489 2818 568 2867 4-8
591 2812 799 2868 Isidor.Pelu1.
819 2811 889 2883 Epp.
910 2811 944 2880 V,
963 2817 1015 2868 204
1038 2811 1135 2881 Migne

118 2884 198 2938 Tom.
215 2888 257 2950 78,
270 2888 346 2938 1416.
362 2915 396 2923 —
416 2889 520 2937 14-17
537 2883 629 2940 const.
644 2885 717 2954 App.
732 2884 766 2952 Π,
778 2889 821 2938 41.
837 2916 870 2925 -
887 2888 919 2937 16
935 2882 1022 2937 Lavit.
1039 2888 1081 2950 19,
1093 2888 1134 2936 15.

120 2988 155 2995 -
177 2953 315 3009 171101.
336 2959 426 3022 τωο.
447 2959 533 3008 -18
556 2955 852 3021 Deuter.11‚20.-
872 2953 950 3009 Ptov.
972 2959 1135 3021 12,21.-

121 3031 230 3096 20-11.
246 3031 306 3092 612,
322 3032 336 3080 1
357 3024 450 3080 const.
465 3024 538 3096 App.
553 3025 587 3094 11,
603 3031 644 3080 37.

194 3156 208 3205 1
228 3147 310 3220 κρίνη
330 3149 411 3203 ΕΝΡ
434 3159 525 3217 κρινεῖ
542 3149 570 3204 C.
595 3183 629 3191 —
653 3156 669 3203 2
688 3148 825 3220 πρότερον
843 3150 888 3203 FP
896 3149 959 3204 Joh.
978 3165 1029 3204 om.
1047 3149 1080 3203 R.
1102 3181 1135 3189 -

120 3229 136 3276 9
157 3223 238 3294 ἀβασ.
256 3223 347 3348 λέγειν
365 3217 383 3290 ἢ
402 3218 649 3291 καταψηφίζεσθαι
664 3221 722 3278 RV.
740 3253 774 3262 —
795 3227 827 3275 11
846 3219 981 3291 ζητήσεως
994 3219 1086 3275 BER.
1102 3252 1135 3260 -

122 3299 156 3348 13
175 3292 191 3347 ιλ
210 3296 279 3348 θεολ
297 3313 345 3363 γος
362 3294 388 3346 A
411 3289 525 3361 δλόγος
542 3292 574 3346 R.
594 3324 628 3332 —
651 3299 685 3347 15
703 3291 801 3361 πένητι
819 3291 896 3346 1011
918 3291 1024 3361 πένητα
1043 3291 1065 3345 Ρ
1087 3310 1136 3346 πε-

119 3365 214 3432 νήτων
232 3365 265 3418 R.
285 3396 319 3404 -
340 3369 372 3417 18
392 3359 502 3426 δίκαιος
520 3363 602 3417 OMP
626 3359 727 3418 δικαία
745 3363 775 3417 F.
795 3393 829 3403 -
849 3368 883 3418 22
902 3359 1073 3433 κατηγορίαν
1087 3363 1137 3414 ΑΒ

121 3438 227 3506 (ψευδῆ
242 3431 414 3504 κατηγορίαν
429 3433 541 3505 (λαστεδ).
557 3467 590 3475 -
605 3433 719 3490 οἱκατὰ
733 3433 847 3489 CRNV.
863 3466 897 3474 -
916 3440 1002 3489 2324
1016 3432 1052 3503 μὴ
1067 3452 1137 3502 προ-

120 3503 222 3577 χείρως
238 3506 273 3560 τὰ
292 3514 408 3560 τοιαῦτα
427 3505 509 3559 ABV.

197 3636 230 3684 22
250 3629 333 3702 κατὰ]
353 3630 400 3685 ἐπὶ
416 3637 466 3698 τῆς
482 3629 505 3684 Ρ
514 3628 606 3683 Οοωείι.

181 3729 324 3780 Georgius
337 3729 496 3771 Μοιιεολιιιι
511 3729 545 3769 εδ.
561 3729 588 3768 δε
602 3728 670 3768 Boot.
695 3728 726 3767 11.
945 3721 979 3770 38
