<?xml version="1.0" encoding="UTF-8"?>
<!DOCTYPE html PUBLIC "-//W3C//DTD XHTML 1.0 Transitional//EN"
    "http://www.w3.org/TR/xhtml1/DTD/xhtml1-transitional.dtd">
<html xmlns="http://www.w3.org/1999/xhtml" xml:lang="en" lang="en">
 <head>
  <title>
</title>
<meta http-equiv="Content-Type" content="text/html;charset=utf-8" />
  <meta name='ocr-system' content='tesseract 3.04.00' />
  <meta name='ocr-capabilities' content='ocr_page ocr_carea ocr_par ocr_line ocrx_word'/>
</head>
<body>
  <div class='ocr_page' id='page_1' title='image "./georgiimonachic00boorgoog_0354.png"; bbox 0 0 2617 3909; ppageno 0'>
   <div class='ocr_carea' id='block_1_1' title="bbox 199 199 897 266">
    <p class='ocr_par' dir='ltr' id='par_1_1' title="bbox 199 199 897 266">
     <span class='ocr_line' id='line_1_1' title="bbox 199 199 897 266; baseline -0.001 -13"><span class='ocrx_word' id='word_1_1' title='bbox 199 201 264 266; x_wconf 78' lang='grc'><strong><em>728</em></strong></span> <span class='ocrx_word' id='word_1_2' title='bbox 509 202 696 254; x_wconf 79' lang='grc' dir='ltr'>ΓΕΩΡΓΙΟΤ</span> <span class='ocrx_word' id='word_1_3' title='bbox 714 199 897 254; x_wconf 77' lang='grc' dir='ltr'>ΜΟΝΑΧΟΤ</span> 
     </span>
    </p>
   </div>
   <div class='ocr_carea' id='block_1_2' title="bbox 69 347 1288 2096">
    <p class='ocr_par' dir='ltr' id='par_1_2' title="bbox 69 347 1288 2096">
     <span class='ocr_line' id='line_1_2' title="bbox 197 347 1215 431; baseline -0.002 -19"><span class='ocrx_word' id='word_1_4' title='bbox 197 349 214 412; x_wconf 86' lang='grc' dir='ltr'><strong><em>δ</em></strong></span> <span class='ocrx_word' id='word_1_5' title='bbox 241 361 301 412; x_wconf 86' lang='grc' dir='ltr'><strong><em>τῶν</em></strong></span> <span class='ocrx_word' id='word_1_6' title='bbox 328 355 516 431; x_wconf 84' lang='grc' dir='ltr'><strong><em>Σαρακηνῶν</em></strong></span> <span class='ocrx_word' id='word_1_7' title='bbox 542 347 634 428; x_wconf 79' lang='grc' dir='ltr'><strong><em>η’νυσε</em></strong></span> <span class='ocrx_word' id='word_1_8' title='bbox 661 348 778 428; x_wconf 81' lang='grc' dir='ltr'><em>στόλος,</em></span> <span class='ocrx_word' id='word_1_9' title='bbox 808 348 881 411; x_wconf 89' lang='grc' dir='ltr'><strong><em>ἀλλά</em></strong></span> <span class='ocrx_word' id='word_1_10' title='bbox 907 349 1035 422; x_wconf 82' lang='grc' dir='ltr'><strong><em>πολλοὺς</em></strong></span> <span class='ocrx_word' id='word_1_11' title='bbox 1061 348 1113 410; x_wconf 84' lang='grc' dir='ltr'><strong><em>καλ</em></strong></span> <span class='ocrx_word' id='word_1_12' title='bbox 1142 348 1215 410; x_wconf 90' lang='grc' dir='ltr'><strong><em>ἀνα-</em></strong></span> 
     </span>
     <span class='ocr_line' id='line_1_3' title="bbox 197 445 1214 530; baseline -0.003 -19"><span class='ocrx_word' id='word_1_13' title='bbox 197 449 363 530; x_wconf 82' lang='grc' dir='ltr'><strong><em>ριθμήτους</em></strong></span> <span class='ocrx_word' id='word_1_14' title='bbox 390 448 536 528; x_wconf 77' lang='grc' dir='ltr'><strong><em>μαχίμους</em></strong></span> <span class='ocrx_word' id='word_1_15' title='bbox 562 445 676 529; x_wconf 84' lang='grc' dir='ltr'><strong><em>ἀνδρας</em></strong></span> <span class='ocrx_word' id='word_1_16' title='bbox 702 445 862 527; x_wconf 79' lang='grc' dir='ltr'><strong><em>ἀποβαλὼν</em></strong></span> <span class='ocrx_word' id='word_1_17' title='bbox 888 446 1052 528; x_wconf 74' lang='grc' dir='ltr'><strong><em>ὑπέστρεψε</em></strong></span> <span class='ocrx_word' id='word_1_18' title='bbox 1079 447 1158 528; x_wconf 89' lang='grc' dir='ltr'><strong><em>πρὸς</em></strong></span> <span class='ocrx_word' id='word_1_19' title='bbox 1179 448 1214 508; x_wconf 83' lang='grc' dir='ltr'><strong><em>τὰ</em></strong></span> 
     </span>
     <span class='ocr_line' id='line_1_4' title="bbox 197 543 1283 627; baseline -0.002 -18"><span class='ocrx_word' id='word_1_20' title='bbox 197 548 267 610; x_wconf 78' lang='grc' dir='ltr'><strong><em>ἴδια.</em></strong></span> <span class='ocrx_word' id='word_1_21' title='bbox 311 547 344 609; x_wconf 79' lang='grc' dir='ltr'><strong><em>έν</em></strong></span> <span class='ocrx_word' id='word_1_22' title='bbox 372 543 404 607; x_wconf 77' lang='grc' dir='ltr'><strong><em>δέ</em></strong></span> <span class='ocrx_word' id='word_1_23' title='bbox 431 552 493 619; x_wconf 83' lang='grc' dir='ltr'><strong><em>τοῖς</em></strong></span> <span class='ocrx_word' id='word_1_24' title='bbox 521 544 618 627; x_wconf 82' lang='grc' dir='ltr'><strong><em>μέρεσι</em></strong></span> <span class='ocrx_word' id='word_1_25' title='bbox 644 553 698 606; x_wconf 86' lang='grc' dir='ltr'><strong><em>τού</em></strong></span> <span class='ocrx_word' id='word_1_26' title='bbox 721 547 872 607; x_wconf 74' lang='grc' dir='ltr'><strong><em>Συλλαίου</em></strong></span> <span class='ocrx_word' id='word_1_27' title='bbox 894 544 1053 626; x_wconf 86' lang='grc' dir='ltr'><strong><em>γενόμενος</em></strong></span> <span class='ocrx_word' id='word_1_28' title='bbox 1079 544 1132 606; x_wconf 86' lang='grc' dir='ltr'><strong><em>καί</em></strong></span> <span class='ocrx_word' id='word_1_29' title='bbox 1155 544 1213 607; x_wconf 86' lang='grc' dir='ltr'><strong><em>ύπδ</em></strong></span> <span class='ocrx_word' id='word_1_30' title='bbox 1282 571 1283 598; x_wconf 69' lang='grc' dir='ltr'><strong><em>ι</em></strong></span> 
     </span>
     <span class='ocr_line' id='line_1_5' title="bbox 196 609 1283 726; baseline 0.004 -20"><span class='ocrx_word' id='word_1_31' title='bbox 196 649 333 726; x_wconf 79' lang='grc' dir='ltr'><strong><em>σκληρῶν</em></strong></span> <span class='ocrx_word' id='word_1_32' title='bbox 363 643 414 705; x_wconf 85' lang='grc' dir='ltr'><strong><em>καλ</em></strong></span> <span class='ocrx_word' id='word_1_33' title='bbox 445 644 596 724; x_wconf 72' lang='grc' dir='ltr'><strong><em>όαγδαίων</em></strong></span> <span class='ocrx_word' id='word_1_34' title='bbox 627 641 746 723; x_wconf 85' lang='grc' dir='ltr'><strong><em>ἀνέμων</em></strong></span> <span class='ocrx_word' id='word_1_35' title='bbox 777 642 826 708; x_wconf 88' lang='grc' dir='ltr'><strong><em>καί,</em></strong></span> <span class='ocrx_word' id='word_1_36' title='bbox 857 644 1024 705; x_wconf 77' lang='grc' dir='ltr'><strong><em>θαλασσίου</em></strong></span> <span class='ocrx_word' id='word_1_37' title='bbox 1060 644 1214 716; x_wconf 79' lang='grc' dir='ltr'><strong><em>κλύδωνος</em></strong></span> <span class='ocrx_word' id='word_1_38' title='bbox 1281 609 1283 710; x_wconf 82' lang='grc' dir='ltr'><strong><em>λ</em></strong></span> 
     </span>
     <span class='ocr_line' id='line_1_6' title="bbox 170 740 1026 823; baseline -0.006 -18"><span class='ocrx_word' id='word_1_39' title='bbox 170 741 385 823; x_wconf 41' lang='lat' dir='ltr'><strong><em>maxema</em></strong></span> <span class='ocrx_word' id='word_1_40' title='bbox 406 740 503 823; x_wconf 67' lang='grc' dir='ltr'><strong><em>ερεπ</em></strong></span> <span class='ocrx_word' id='word_1_41' title='bbox 524 740 665 804; x_wconf 61' lang='grc' dir='ltr'><strong><em>εποντο.</em></strong></span> <span class='ocrx_word' id='word_1_42' title='bbox 1024 779 1026 786; x_wconf 78' lang='grc'>.</span> 
     </span>
     <span class='ocr_line' id='line_1_7' title="bbox 262 837 1284 919; baseline -0.001 -17"><span class='ocrx_word' id='word_1_43' title='bbox 262 839 351 902; x_wconf 88' lang='grc' dir='ltr'><strong><em>Μετά</em></strong></span> <span class='ocrx_word' id='word_1_44' title='bbox 369 838 511 902; x_wconf 74' lang='grc' dir='ltr'><strong><em>δὲταῦτα</em></strong></span> <span class='ocrx_word' id='word_1_45' title='bbox 530 841 562 902; x_wconf 81' lang='grc' dir='ltr'><strong><em>οἱ</em></strong></span> <span class='ocrx_word' id='word_1_46' title='bbox 577 849 630 902; x_wconf 83' lang='grc' dir='ltr'><strong><em>τοῦ</em></strong></span> <span class='ocrx_word' id='word_1_47' title='bbox 647 838 779 919; x_wconf 85' lang='grc' dir='ltr'><strong><em>θέματος</em></strong></span> <span class='ocrx_word' id='word_1_48' title='bbox 796 849 856 900; x_wconf 84' lang='grc' dir='ltr'><strong><em>τῶν</em></strong></span> <span class='ocrx_word' id='word_1_49' title='bbox 872 838 1055 901; x_wconf 73' lang='grc' dir='ltr'><strong><em>ἀνατολικῶν</em></strong></span> <span class='ocrx_word' id='word_1_50' title='bbox 1074 837 1212 914; x_wconf 76' lang='grc' dir='ltr'><strong><em>ἐλθόντες</em></strong></span> <span class='ocrx_word' id='word_1_51' title='bbox 1283 845 1284 850; x_wconf 74' lang='grc'>’</span> 
     </span>
     <span class='ocr_line' id='line_1_8' title="bbox 195 936 1211 1020; baseline -0.001 -20"><span class='ocrx_word' id='word_1_52' title='bbox 195 939 228 1000; x_wconf 79' lang='grc' dir='ltr'><strong><em>ἐν</em></strong></span> <span class='ocrx_word' id='word_1_53' title='bbox 246 938 433 1020; x_wconf 79' lang='grc' dir='ltr'><strong><em>Χρυσοπόλει</em></strong></span> <span class='ocrx_word' id='word_1_54' title='bbox 450 939 572 1020; x_wconf 76' lang='grc' dir='ltr'><strong><em>ἔκραζον</em></strong></span> <span class='ocrx_word' id='word_1_55' title='bbox 590 936 735 1018; x_wconf 77' lang='grc' dir='ltr'><strong><em>λέγοντες·</em></strong></span> <span class='ocrx_word' id='word_1_56' title='bbox 754 937 796 1011; x_wconf 81' lang='grc' dir='ltr'><strong><em>εἰς</em></strong></span> <span class='ocrx_word' id='word_1_57' title='bbox 814 938 919 1018; x_wconf 90' lang='grc' dir='ltr'><strong><em>τριάδα</em></strong></span> <span class='ocrx_word' id='word_1_58' title='bbox 936 937 1125 1018; x_wconf 81' lang='grc' dir='ltr'><strong><em>πιστεύομεν,</em></strong></span> <span class='ocrx_word' id='word_1_59' title='bbox 1144 937 1211 1010; x_wconf 81' lang='grc' dir='ltr'><strong><em>τούς</em></strong></span> 
     </span>
     <span class='ocr_line' id='line_1_9' title="bbox 195 1029 1210 1118; baseline 0.001 -22"><span class='ocrx_word' id='word_1_60' title='bbox 195 1041 273 1118; x_wconf 84' lang='grc' dir='ltr'><strong><em>τρεῖς</em></strong></span> <span class='ocrx_word' id='word_1_61' title='bbox 289 1032 534 1117; x_wconf 85' lang='grc' dir='ltr'><strong><em>ἀναγορεύσωμεν</em></strong></span> <span class='ocrx_word' id='word_1_62' title='bbox 552 1035 602 1097; x_wconf 88' lang='grc' dir='ltr'><strong><em>καλ</em></strong></span> <span class='ocrx_word' id='word_1_63' title='bbox 620 1033 783 1114; x_wconf 81' lang='grc' dir='ltr'><strong><em>στέψωμεν.</em></strong></span> <span class='ocrx_word' id='word_1_64' title='bbox 819 1029 869 1113; x_wconf 76' lang='grc' dir='ltr'><strong><em>ἐφ’</em></strong></span> <span class='ocrx_word' id='word_1_65' title='bbox 886 1029 931 1108; x_wconf 86' lang='grc' dir='ltr'><strong><em>οίς</em></strong></span> <span class='ocrx_word' id='word_1_66' title='bbox 950 1034 1109 1115; x_wconf 84' lang='grc' dir='ltr'><strong><em>θυμωθείς</em></strong></span> <span class='ocrx_word' id='word_1_67' title='bbox 1124 1039 1210 1097; x_wconf 89' lang='grc' dir='ltr'><strong><em>Κων-</em></strong></span> 
     </span>
     <span class='ocr_line' id='line_1_10' title="bbox 196 1126 1285 1214; baseline -0.002 -18"><span class='ocrx_word' id='word_1_68' title='bbox 196 1140 349 1208; x_wconf 83' lang='grc' dir='ltr'><strong><em>σταντῖνος</em></strong></span> <span class='ocrx_word' id='word_1_69' title='bbox 371 1134 447 1196; x_wconf 80' lang='grc' dir='ltr'><strong><em>διότι</em></strong></span> <span class='ocrx_word' id='word_1_70' title='bbox 466 1135 557 1214; x_wconf 82' lang='grc' dir='ltr'><strong><em>μόνος</em></strong></span> <span class='ocrx_word' id='word_1_71' title='bbox 574 1126 614 1214; x_wconf 77' lang='grc' dir='ltr'><strong><em>ἦν</em></strong></span> <span class='ocrx_word' id='word_1_72' title='bbox 632 1131 815 1212; x_wconf 72' lang='grc' dir='ltr'><strong><em>ἐστεμμένος,</em></strong></span> <span class='ocrx_word' id='word_1_73' title='bbox 838 1135 871 1195; x_wconf 85' lang='grc' dir='ltr'><strong><em>οί</em></strong></span> <span class='ocrx_word' id='word_1_74' title='bbox 886 1132 918 1195; x_wconf 81' lang='grc' dir='ltr'><strong><em>δέ</em></strong></span> <span class='ocrx_word' id='word_1_75' title='bbox 936 1135 991 1195; x_wconf 93' lang='grc' dir='ltr'><strong><em>δύο</em></strong></span> <span class='ocrx_word' id='word_1_76' title='bbox 1015 1132 1110 1196; x_wconf 84' lang='grc' dir='ltr'><strong><em>αύτού</em></strong></span> <span class='ocrx_word' id='word_1_77' title='bbox 1129 1132 1210 1196; x_wconf 90' lang='grc' dir='ltr'><strong><em>ἀδελ·</em></strong></span> <span class='ocrx_word' id='word_1_78' title='bbox 1284 1163 1285 1194; x_wconf 82' lang='lat'>1</span> 
     </span>
     <span class='ocr_line' id='line_1_11' title="bbox 155 1226 1209 1314; baseline -0.004 -18"><span class='ocrx_word' id='word_1_79' title='bbox 155 1257 182 1296; x_wconf 83' lang='grc' dir='ltr'><strong><em>ιο</em></strong></span> <span class='ocrx_word' id='word_1_80' title='bbox 195 1232 250 1311; x_wconf 83' lang='grc' dir='ltr'><strong><em>φοί</em></strong></span> <span class='ocrx_word' id='word_1_81' title='bbox 267 1233 411 1312; x_wconf 85' lang='grc' dir='ltr'><strong><em>ούδεμίαν</em></strong></span> <span class='ocrx_word' id='word_1_82' title='bbox 428 1232 515 1307; x_wconf 80' lang='grc' dir='ltr'><strong><em>ἀξίαν</em></strong></span> <span class='ocrx_word' id='word_1_83' title='bbox 532 1226 623 1312; x_wconf 84' lang='grc' dir='ltr'><strong><em>ελχον,</em></strong></span> <span class='ocrx_word' id='word_1_84' title='bbox 646 1229 814 1292; x_wconf 86' lang='grc' dir='ltr'><strong><em>ἀποστέλλει</em></strong></span> <span class='ocrx_word' id='word_1_85' title='bbox 836 1230 910 1312; x_wconf 85' lang='grc' dir='ltr'><strong><em>πρὸς</em></strong></span> <span class='ocrx_word' id='word_1_86' title='bbox 928 1230 1037 1306; x_wconf 87' lang='grc' dir='ltr'><strong><em>αύτούς</em></strong></span> <span class='ocrx_word' id='word_1_87' title='bbox 1055 1232 1209 1314; x_wconf 85' lang='grc' dir='ltr'><strong><em>πατρίκιον</em></strong></span> 
     </span>
     <span class='ocr_line' id='line_1_12' title="bbox 195 1327 1208 1411; baseline -0.003 -18"><span class='ocrx_word' id='word_1_88' title='bbox 195 1329 236 1405; x_wconf 82' lang='grc' dir='ltr'><strong><em>όις</em></strong></span> <span class='ocrx_word' id='word_1_89' title='bbox 258 1332 355 1411; x_wconf 77' lang='grc' dir='ltr'><strong><em>δῆθεν</em></strong></span> <span class='ocrx_word' id='word_1_90' title='bbox 382 1329 597 1411; x_wconf 77' lang='grc' dir='ltr'><strong><em>ἀποδεχόμενος</em></strong></span> <span class='ocrx_word' id='word_1_91' title='bbox 618 1338 720 1408; x_wconf 79' lang='grc' dir='ltr'><strong><em>τοῦτο,</em></strong></span> <span class='ocrx_word' id='word_1_92' title='bbox 747 1327 797 1390; x_wconf 81' lang='grc' dir='ltr'><strong><em>καί</em></strong></span> <span class='ocrx_word' id='word_1_93' title='bbox 825 1329 1085 1411; x_wconf 77' lang='grc' dir='ltr'><strong><em>προσκαλούμενος</em></strong></span> <span class='ocrx_word' id='word_1_94' title='bbox 1112 1329 1208 1391; x_wconf 81' lang='grc' dir='ltr'><strong><em>αύτῶν</em></strong></span> 
     </span>
     <span class='ocr_line' id='line_1_13' title="bbox 194 1425 1286 1511; baseline -0.002 -21"><span class='ocrx_word' id='word_1_95' title='bbox 194 1429 230 1490; x_wconf 88' lang='grc' dir='ltr'><strong><em>τδι</em></strong></span> <span class='ocrx_word' id='word_1_96' title='bbox 252 1435 379 1511; x_wconf 84' lang='grc' dir='ltr'><strong><em>πρωτεῖα</em></strong></span> <span class='ocrx_word' id='word_1_97' title='bbox 402 1429 623 1509; x_wconf 83' lang='grc' dir='ltr'><strong><em>βουλεύσασθαι</em></strong></span> <span class='ocrx_word' id='word_1_98' title='bbox 646 1426 717 1506; x_wconf 88' lang='grc' dir='ltr'><strong><em>μετά</em></strong></span> <span class='ocrx_word' id='word_1_99' title='bbox 739 1436 792 1506; x_wconf 82' lang='grc' dir='ltr'><strong><em>τῆς</em></strong></span> <span class='ocrx_word' id='word_1_100' title='bbox 815 1427 991 1508; x_wconf 79' lang='grc' dir='ltr'><strong><em>συγκλήτου,</em></strong></span> <span class='ocrx_word' id='word_1_101' title='bbox 1015 1425 1067 1487; x_wconf 86' lang='grc' dir='ltr'><strong><em>καί</em></strong></span> <span class='ocrx_word' id='word_1_102' title='bbox 1089 1427 1128 1506; x_wconf 76' lang='grc' dir='ltr'><strong><em>δὴ</em></strong></span> <span class='ocrx_word' id='word_1_103' title='bbox 1153 1427 1207 1488; x_wconf 89' lang='grc' dir='ltr'><strong><em>είσ-</em></strong></span> <span class='ocrx_word' id='word_1_104' title='bbox 1285 1445 1286 1450; x_wconf 74' lang='grc'>’</span> 
     </span>
     <span class='ocr_line' id='line_1_14' title="bbox 194 1521 1208 1610; baseline -0.004 -21"><span class='ocrx_word' id='word_1_105' title='bbox 194 1527 345 1589; x_wconf 90' lang='grc' dir='ltr'><strong><em>ελθόντων</em></strong></span> <span class='ocrx_word' id='word_1_106' title='bbox 367 1526 400 1588; x_wconf 84' lang='grc' dir='ltr'><strong><em>έν</em></strong></span> <span class='ocrx_word' id='word_1_107' title='bbox 422 1535 458 1610; x_wconf 77' lang='grc' dir='ltr'><strong><em>τῇ</em></strong></span> <span class='ocrx_word' id='word_1_108' title='bbox 481 1525 574 1606; x_wconf 92' lang='grc' dir='ltr'><strong><em>πόλει,</em></strong></span> <span class='ocrx_word' id='word_1_109' title='bbox 596 1525 721 1598; x_wconf 85' lang='grc' dir='ltr'><strong><em>τούτους</em></strong></span> <span class='ocrx_word' id='word_1_110' title='bbox 743 1521 797 1604; x_wconf 76' lang='grc' dir='ltr'><strong><em>μὲν</em></strong></span> <span class='ocrx_word' id='word_1_111' title='bbox 819 1522 1062 1603; x_wconf 86' lang='grc' dir='ltr'><strong><em>ἀνεσκολόπισεν,</em></strong></span> <span class='ocrx_word' id='word_1_112' title='bbox 1085 1524 1156 1598; x_wconf 83' lang='grc' dir='ltr'><strong><em>τούς</em></strong></span> <span class='ocrx_word' id='word_1_113' title='bbox 1179 1523 1208 1585; x_wconf 81' lang='grc' dir='ltr'><strong><em>δὲ</em></strong></span> 
     </span>
     <span class='ocr_line' id='line_1_15' title="bbox 194 1622 698 1709; baseline -0.002 -25"><span class='ocrx_word' id='word_1_114' title='bbox 194 1622 344 1702; x_wconf 84' lang='grc' dir='ltr'><strong><em>ἀδελφούς</em></strong></span> <span class='ocrx_word' id='word_1_115' title='bbox 366 1623 460 1685; x_wconf 86' lang='grc' dir='ltr'><strong><em>αύτού</em></strong></span> <span class='ocrx_word' id='word_1_116' title='bbox 482 1622 698 1709; x_wconf 86' lang='grc' dir='ltr'><strong><em>ε’ρινοτόμησεν.</em></strong></span> 
     </span>
     <span class='ocr_line' id='line_1_16' title="bbox 69 1714 1287 1802; baseline -0.002 -17"><span class='ocrx_word' id='word_1_117' title='bbox 69 1743 182 1785; x_wconf 73' lang='lat' dir='ltr'><strong><em>emm</em></strong></span> <span class='ocrx_word' id='word_1_118' title='bbox 261 1714 345 1781; x_wconf 87' lang='grc' dir='ltr'><strong><em>Καθ’</em></strong></span> <span class='ocrx_word' id='word_1_119' title='bbox 371 1717 407 1781; x_wconf 80' lang='grc' dir='ltr'><strong><em>ὃν</em></strong></span> <span class='ocrx_word' id='word_1_120' title='bbox 434 1721 542 1802; x_wconf 88' lang='grc' dir='ltr'><strong><em>χρόνον</em></strong></span> <span class='ocrx_word' id='word_1_121' title='bbox 573 1721 606 1783; x_wconf 83' lang='grc' dir='ltr'><strong><em>τὸ</em></strong></span> <span class='ocrx_word' id='word_1_122' title='bbox 637 1730 697 1782; x_wconf 80' lang='grc' dir='ltr'><strong><em>τῶν</em></strong></span> <span class='ocrx_word' id='word_1_123' title='bbox 724 1720 904 1800; x_wconf 88' lang='grc' dir='ltr'><strong><em>Βουλγάρων</em></strong></span> <span class='ocrx_word' id='word_1_124' title='bbox 935 1719 1026 1792; x_wconf 77' lang='grc' dir='ltr'><strong><em>ἔθνος</em></strong></span> <span class='ocrx_word' id='word_1_125' title='bbox 1057 1717 1117 1782; x_wconf 88' lang='grc' dir='ltr'><strong><em>ἀπὸ</em></strong></span> <span class='ocrx_word' id='word_1_126' title='bbox 1149 1726 1208 1793; x_wconf 83' lang='grc' dir='ltr'><strong><em>τοῖς</em></strong></span> <span class='ocrx_word' id='word_1_127' title='bbox 1286 1755 1287 1758; x_wconf 36' lang='lat'>¹</span> 
     </span>
     <span class='ocr_line' id='line_1_17' title="bbox 193 1815 1207 1902; baseline -0.001 -23"><span class='ocrx_word' id='word_1_128' title='bbox 193 1815 336 1902; x_wconf 76' lang='grc' dir='ltr'><strong><em>ἀρκτχόοις</em></strong></span> <span class='ocrx_word' id='word_1_129' title='bbox 367 1824 534 1897; x_wconf 83' lang='grc' dir='ltr'><strong><em>περαιικοῖς</em></strong></span> <span class='ocrx_word' id='word_1_130' title='bbox 566 1817 665 1900; x_wconf 82' lang='grc' dir='ltr'><strong><em>μέρεσι</em></strong></span> <span class='ocrx_word' id='word_1_131' title='bbox 695 1827 749 1880; x_wconf 81' lang='grc' dir='ltr'><strong><em>τοῦ</em></strong></span> <span class='ocrx_word' id='word_1_132' title='bbox 776 1817 923 1890; x_wconf 72' lang='grc' dir='ltr'><strong><em>Εὐξείνου</em></strong></span> <span class='ocrx_word' id='word_1_133' title='bbox 954 1817 1067 1879; x_wconf 88' lang='grc' dir='ltr'><strong><em>πόντου</em></strong></span> <span class='ocrx_word' id='word_1_134' title='bbox 1098 1817 1131 1879; x_wconf 84' lang='grc' dir='ltr'><strong><em>ἐκ</em></strong></span> <span class='ocrx_word' id='word_1_135' title='bbox 1158 1828 1207 1897; x_wconf 78' lang='grc' dir='ltr'><strong><em>της</em></strong></span> 
     </span>
     <span class='ocr_line' id='line_1_18' title="bbox 194 1912 1288 2000; baseline 0 -24"><span class='ocrx_word' id='word_1_136' title='bbox 194 1915 352 1997; x_wconf 78' lang='grc' dir='ltr'><strong><em>λεγομένης</em></strong></span> <span class='ocrx_word' id='word_1_137' title='bbox 369 1916 547 1989; x_wconf 83' lang='grc' dir='ltr'><strong><em>Μαιώτιδος</em></strong></span> <span class='ocrx_word' id='word_1_138' title='bbox 569 1917 675 1994; x_wconf 78' lang='grc' dir='ltr'><strong><em>λίμνης</em></strong></span> <span class='ocrx_word' id='word_1_139' title='bbox 695 1915 807 1995; x_wconf 76' lang='grc' dir='ltr'><strong><em>ἐπῆλθε</em></strong></span> <span class='ocrx_word' id='word_1_140' title='bbox 825 1924 860 2000; x_wconf 77' lang='grc' dir='ltr'><strong><em>τῇ</em></strong></span> <span class='ocrx_word' id='word_1_141' title='bbox 883 1912 985 1999; x_wconf 79' lang='grc' dir='ltr'><strong><em>Θρηίκη</em></strong></span> <span class='ocrx_word' id='word_1_142' title='bbox 1009 1914 1081 1994; x_wconf 83' lang='grc' dir='ltr'><strong><em>μετὰ</em></strong></span> <span class='ocrx_word' id='word_1_143' title='bbox 1099 1920 1208 1995; x_wconf 79' lang='grc' dir='ltr'><strong><em>πολλῆς</em></strong></span> <span class='ocrx_word' id='word_1_144' title='bbox 1287 1938 1288 1944; x_wconf 61' lang='grc'><strong>“</strong></span> 
     </span>
     <span class='ocr_line' id='line_1_19' title="bbox 193 2011 1288 2096; baseline -0.003 -21"><span class='ocrx_word' id='word_1_145' title='bbox 193 2016 334 2095; x_wconf 80' lang='grc' dir='ltr'><strong><em>πτωχείας</em></strong></span> <span class='ocrx_word' id='word_1_146' title='bbox 347 2013 398 2076; x_wconf 86' lang='grc' dir='ltr'><strong><em>καλ</em></strong></span> <span class='ocrx_word' id='word_1_147' title='bbox 411 2012 546 2096; x_wconf 82' lang='grc' dir='ltr'><strong><em>ἀπορίας.</em></strong></span> <span class='ocrx_word' id='word_1_148' title='bbox 578 2013 650 2093; x_wconf 77' lang='grc' dir='ltr'><strong><em>ὅπερ</em></strong></span> <span class='ocrx_word' id='word_1_149' title='bbox 665 2011 773 2092; x_wconf 81' lang='grc' dir='ltr'><strong><em>μαθὼν</em></strong></span> <span class='ocrx_word' id='word_1_150' title='bbox 786 2017 1013 2085; x_wconf 80' lang='grc' dir='ltr'><strong><em>Κωνσταντῖνος</em></strong></span> <span class='ocrx_word' id='word_1_151' title='bbox 1025 2011 1076 2073; x_wconf 85' lang='grc' dir='ltr'><strong><em>καί</em></strong></span> <span class='ocrx_word' id='word_1_152' title='bbox 1091 2015 1208 2094; x_wconf 88' lang='grc' dir='ltr'><strong><em>σφόδρα</em></strong></span> <span class='ocrx_word' id='word_1_153' title='bbox 1287 2027 1288 2072; x_wconf 72' lang='lat'><em>3</em></span> 
     </span>
    </p>
   </div>
   <div class='ocr_carea' id='block_1_3' title="bbox 192 2139 404 2147">
    <p class='ocr_par' dir='ltr' id='par_1_3' title="bbox 192 2139 404 2147">
     <span class='ocr_line' id='line_1_20' title="bbox 192 2139 404 2147; baseline 0 -3"><span class='ocrx_word' id='word_1_154' title='bbox 192 2140 214 2144; x_wconf 84' lang='grc'><strong><em>-,.</em></strong></span> <span class='ocrx_word' id='word_1_155' title='bbox 223 2139 404 2147; x_wconf 39' lang='grc' dir='ltr'><strong><em>*φρ-</em></strong></span> 
     </span>
    </p>
   </div>
   <div class='ocr_carea' id='block_1_4' title="bbox 192 2193 1207 2336">
    <p class='ocr_par' dir='ltr' id='par_1_4' title="bbox 192 2193 1207 2336">
     <span class='ocr_line' id='line_1_21' title="bbox 264 2193 1207 2264; baseline -0.001 -16"><span class='ocrx_word' id='word_1_156' title='bbox 264 2201 351 2250; x_wconf 79' lang='grc'><strong>6-14</strong></span> <span class='ocrx_word' id='word_1_157' title='bbox 364 2196 400 2263; x_wconf 75' lang='lat' dir='ltr'><strong><em>es.</em></strong></span> <span class='ocrx_word' id='word_1_158' title='bbox 410 2195 536 2264; x_wconf 80' lang='lat' dir='ltr'><strong>Theoph.</strong></span> <span class='ocrx_word' id='word_1_159' title='bbox 545 2212 574 2264; x_wconf 80' lang='lat' dir='ltr'><strong><em>p,</em></strong></span> <span class='ocrx_word' id='word_1_160' title='bbox 586 2200 647 2261; x_wconf 81' lang='lat'>352,</span> <span class='ocrx_word' id='word_1_161' title='bbox 659 2199 699 2247; x_wconf 78' lang='lat'><strong><em>14.</em></strong></span> <span class='ocrx_word' id='word_1_162' title='bbox 711 2225 744 2234; x_wconf 87' lang='lat'><em>-</em></span> <span class='ocrx_word' id='word_1_163' title='bbox 757 2198 861 2248; x_wconf 88' lang='grc'><strong>15-18</strong></span> <span class='ocrx_word' id='word_1_164' title='bbox 874 2193 910 2260; x_wconf 80' lang='lat' dir='ltr'><strong><em>cf.</em></strong></span> <span class='ocrx_word' id='word_1_165' title='bbox 920 2193 1046 2262; x_wconf 84' lang='lat' dir='ltr'>Theoph.</span> <span class='ocrx_word' id='word_1_166' title='bbox 1053 2211 1083 2262; x_wconf 80' lang='grc' dir='ltr'><strong><em>χι.</em></strong></span> <span class='ocrx_word' id='word_1_167' title='bbox 1096 2199 1207 2263; x_wconf 86' lang='grc'><strong><em>356,18,</em></strong></span> 
     </span>
     <span class='ocr_line' id='line_1_22' title="bbox 192 2265 844 2336; baseline -0.005 -15"><span class='ocrx_word' id='word_1_168' title='bbox 192 2300 227 2307; x_wconf 89' lang='grc'>-</span> <span class='ocrx_word' id='word_1_169' title='bbox 247 2273 351 2336; x_wconf 77' lang='grc' dir='ltr'><strong>18-γ.</strong></span> <span class='ocrx_word' id='word_1_170' title='bbox 368 2273 427 2335; x_wconf 75' lang='lat'><strong><em>729,</em></strong></span> <span class='ocrx_word' id='word_1_171' title='bbox 443 2273 477 2319; x_wconf 81' lang='lat'><strong><em>14</em></strong></span> <span class='ocrx_word' id='word_1_172' title='bbox 494 2267 530 2332; x_wconf 77' lang='lat' dir='ltr'><strong><em>ef.</em></strong></span> <span class='ocrx_word' id='word_1_173' title='bbox 545 2265 670 2334; x_wconf 83' lang='lat' dir='ltr'>Theoph.</span> <span class='ocrx_word' id='word_1_174' title='bbox 681 2283 711 2334; x_wconf 79' lang='lat' dir='ltr'><strong><em>p.</em></strong></span> <span class='ocrx_word' id='word_1_175' title='bbox 728 2269 844 2332; x_wconf 82' lang='grc'><strong><em>358,11.</em></strong></span> 
     </span>
    </p>
   </div>
   <div class='ocr_carea' id='block_1_5' title="bbox 190 2421 1209 2922">
    <p class='ocr_par' dir='ltr' id='par_1_5' title="bbox 190 2421 1209 2922">
     <span class='ocr_line' id='line_1_23' title="bbox 264 2421 1208 2497; baseline -0.002 -17"><span class='ocrx_word' id='word_1_176' title='bbox 264 2432 278 2480; x_wconf 87' lang='lat'>1</span> <span class='ocrx_word' id='word_1_177' title='bbox 297 2426 366 2494; x_wconf 76' lang='grc' dir='ltr'><strong><em>ἤνυε</em></strong></span> <span class='ocrx_word' id='word_1_178' title='bbox 384 2427 434 2480; x_wconf 85' lang='lat' dir='ltr'><strong><em>EV</em></strong></span> <span class='ocrx_word' id='word_1_179' title='bbox 456 2425 570 2497; x_wconf 86' lang='grc' dir='ltr'><strong><em>ίσχνσεν</em></strong></span> <span class='ocrx_word' id='word_1_180' title='bbox 588 2425 693 2479; x_wconf 83' lang='grc' dir='ltr'><strong><em>ἀνύσαι</em></strong></span> <span class='ocrx_word' id='word_1_181' title='bbox 710 2424 741 2478; x_wconf 90' lang='grc' dir='ltr'><strong><em>Β.</em></strong></span> <span class='ocrx_word' id='word_1_182' title='bbox 765 2455 798 2464; x_wconf 90' lang='lat'>-</span> <span class='ocrx_word' id='word_1_183' title='bbox 821 2430 837 2476; x_wconf 76' lang='lat'>2</span> <span class='ocrx_word' id='word_1_184' title='bbox 856 2423 965 2492; x_wconf 87' lang='grc' dir='ltr'><strong><em>ἀνδρας</em></strong></span> <span class='ocrx_word' id='word_1_185' title='bbox 982 2421 1122 2495; x_wconf 85' lang='grc' dir='ltr'><strong><em>μαχίμους</em></strong></span> <span class='ocrx_word' id='word_1_186' title='bbox 1139 2426 1166 2478; x_wconf 83' lang='grc' dir='ltr'><strong>Α</strong></span> <span class='ocrx_word' id='word_1_187' title='bbox 1183 2432 1208 2480; x_wconf 79' lang='grc' dir='ltr'><strong><em>τί</em></strong></span> 
     </span>
     <span class='ocr_line' id='line_1_24' title="bbox 191 2492 1208 2568; baseline 0.001 -19"><span class='ocrx_word' id='word_1_188' title='bbox 191 2497 363 2552; x_wconf 72' lang='grc' dir='ltr'><strong><em>εοεαωαλλί,</em></strong></span> <span class='ocrx_word' id='word_1_189' title='bbox 373 2498 435 2552; x_wconf 74' lang='lat' dir='ltr'><strong>Nic.</strong></span> <span class='ocrx_word' id='word_1_190' title='bbox 455 2495 592 2568; x_wconf 78' lang='grc' dir='ltr'><strong><em>μαχίμους</em></strong></span> <span class='ocrx_word' id='word_1_191' title='bbox 605 2513 655 2552; x_wconf 84' lang='lat' dir='ltr'><strong><em>om.</em></strong></span> <span class='ocrx_word' id='word_1_192' title='bbox 671 2496 702 2548; x_wconf 91' lang='lat' dir='ltr'><strong><em>B.</em></strong></span> <span class='ocrx_word' id='word_1_193' title='bbox 718 2527 751 2536; x_wconf 91' lang='lat'><strong><em>—-</em></strong></span> <span class='ocrx_word' id='word_1_194' title='bbox 771 2501 786 2548; x_wconf 85' lang='lat'>3</span> <span class='ocrx_word' id='word_1_195' title='bbox 802 2492 932 2550; x_wconf 88' lang='grc' dir='ltr'><strong><em>συλλαίου</em></strong></span> <span class='ocrx_word' id='word_1_196' title='bbox 946 2493 993 2550; x_wconf 82' lang='grc' dir='ltr'><strong><em>ΑΟ</em></strong></span> <span class='ocrx_word' id='word_1_197' title='bbox 1011 2493 1138 2550; x_wconf 85' lang='grc' dir='ltr'><strong><em>σιλλαίου</em></strong></span> <span class='ocrx_word' id='word_1_198' title='bbox 1153 2497 1208 2550; x_wconf 80' lang='lat' dir='ltr'><strong><em>MV</em></strong></span> 
     </span>
     <span class='ocr_line' id='line_1_25' title="bbox 191 2563 1209 2623; baseline -0.001 -1"><span class='ocrx_word' id='word_1_199' title='bbox 191 2574 216 2622; x_wconf 77' lang='lat' dir='ltr'><strong><em>et</em></strong></span> <span class='ocrx_word' id='word_1_200' title='bbox 229 2584 300 2622; x_wconf 81' lang='lat' dir='ltr'><strong>rece.</strong></span> <span class='ocrx_word' id='word_1_201' title='bbox 334 2568 431 2622; x_wconf 81' lang='lat' dir='ltr'><strong>uidam</strong></span> <span class='ocrx_word' id='word_1_202' title='bbox 454 2567 566 2623; x_wconf 83' lang='grc' dir='ltr'><strong><em>συλλέου</em></strong></span> <span class='ocrx_word' id='word_1_203' title='bbox 580 2567 633 2621; x_wconf 92' lang='lat' dir='ltr'><strong><em>DP</em></strong></span> <span class='ocrx_word' id='word_1_204' title='bbox 651 2563 768 2621; x_wconf 85' lang='grc' dir='ltr'><strong><em>συλαίου</em></strong></span> <span class='ocrx_word' id='word_1_205' title='bbox 781 2565 859 2620; x_wconf 81' lang='lat' dir='ltr'><strong><em>BEL</em></strong></span> <span class='ocrx_word' id='word_1_206' title='bbox 880 2563 988 2620; x_wconf 87' lang='grc' dir='ltr'><strong><em>σιλαίου</em></strong></span> <span class='ocrx_word' id='word_1_207' title='bbox 1006 2582 1078 2622; x_wconf 77' lang='grc' dir='ltr'><strong><em>τοτα.</em></strong></span> <span class='ocrx_word' id='word_1_208' title='bbox 1094 2567 1153 2621; x_wconf 79' lang='lat' dir='ltr'>alii.</span> <span class='ocrx_word' id='word_1_209' title='bbox 1173 2601 1209 2608; x_wconf 94' lang='lat'><em>-</em></span> 
     </span>
     <span class='ocr_line' id='line_1_26' title="bbox 192 2587 1209 2711; baseline 0.002 -21"><span class='ocrx_word' id='word_1_210' title='bbox 192 2587 376 2709; x_wconf 64' lang='grc' dir='ltr'><strong><em>9στεμμάνος</em></strong></span> <span class='ocrx_word' id='word_1_211' title='bbox 393 2639 449 2693; x_wconf 78' lang='lat' dir='ltr'><strong><em>GP.</em></strong></span> <span class='ocrx_word' id='word_1_212' title='bbox 473 2672 506 2679; x_wconf 91' lang='lat'><strong>—</strong></span> <span class='ocrx_word' id='word_1_213' title='bbox 532 2645 565 2693; x_wconf 89' lang='grc'><strong><em>10</em></strong></span> <span class='ocrx_word' id='word_1_214' title='bbox 584 2633 660 2709; x_wconf 79' lang='grc' dir='ltr'><strong><em>εἶχον</em></strong></span> <span class='ocrx_word' id='word_1_215' title='bbox 683 2635 767 2703; x_wconf 84' lang='grc' dir='ltr'><strong><em>ἀξίαν</em></strong></span> <span class='ocrx_word' id='word_1_216' title='bbox 786 2637 811 2690; x_wconf 84' lang='grc' dir='ltr'>Β</span> <span class='ocrx_word' id='word_1_217' title='bbox 837 2635 967 2703; x_wconf 78' lang='grc' dir='ltr'><strong><em>ἐξουσίαν</em></strong></span> <span class='ocrx_word' id='word_1_218' title='bbox 990 2632 1067 2711; x_wconf 80' lang='grc' dir='ltr'><strong><em>ελχον</em></strong></span> <span class='ocrx_word' id='word_1_219' title='bbox 1085 2638 1153 2694; x_wconf 79' lang='lat' dir='ltr'>Exc.</span> <span class='ocrx_word' id='word_1_220' title='bbox 1174 2640 1209 2692; x_wconf 83' lang='lat' dir='ltr'><strong><em>de</em></strong></span> 
     </span>
     <span class='ocr_line' id='line_1_27' title="bbox 191 2704 1207 2782; baseline 0.002 -20"><span class='ocrx_word' id='word_1_221' title='bbox 191 2710 274 2763; x_wconf 76' lang='lat' dir='ltr'>insid.</span> <span class='ocrx_word' id='word_1_222' title='bbox 293 2741 329 2750; x_wconf 87' lang='lat'><em>-</em></span> <span class='ocrx_word' id='word_1_223' title='bbox 350 2715 381 2764; x_wconf 91' lang='grc'><strong><em>15</em></strong></span> <span class='ocrx_word' id='word_1_224' title='bbox 401 2707 471 2764; x_wconf 85' lang='grc' dir='ltr'><strong><em>καθ’</em></strong></span> <span class='ocrx_word' id='word_1_225' title='bbox 488 2706 528 2765; x_wconf 85' lang='grc' dir='ltr'><strong><em>ὦν</em></strong></span> <span class='ocrx_word' id='word_1_226' title='bbox 546 2710 655 2782; x_wconf 89' lang='grc' dir='ltr'><strong><em>χρόνων</em></strong></span> <span class='ocrx_word' id='word_1_227' title='bbox 672 2709 749 2764; x_wconf 89' lang='lat' dir='ltr'><strong><em>ADV</em></strong></span> <span class='ocrx_word' id='word_1_228' title='bbox 771 2705 843 2763; x_wconf 85' lang='grc' dir='ltr'><strong><em>καθ’</em></strong></span> <span class='ocrx_word' id='word_1_229' title='bbox 859 2704 898 2762; x_wconf 81' lang='grc' dir='ltr'><strong><em>διν</em></strong></span> <span class='ocrx_word' id='word_1_230' title='bbox 915 2709 1020 2779; x_wconf 90' lang='grc' dir='ltr'><strong><em>χρόνον</em></strong></span> <span class='ocrx_word' id='word_1_231' title='bbox 1039 2709 1060 2765; x_wconf 84' lang='lat' dir='ltr'>C</span> <span class='ocrx_word' id='word_1_232' title='bbox 1084 2707 1156 2764; x_wconf 86' lang='grc' dir='ltr'><strong><em>καθ’</em></strong></span> <span class='ocrx_word' id='word_1_233' title='bbox 1175 2709 1207 2767; x_wconf 83' lang='grc' dir='ltr'><strong><em>ὃν</em></strong></span> 
     </span>
     <span class='ocr_line' id='line_1_28' title="bbox 190 2778 1208 2852; baseline 0.001 -17"><span class='ocrx_word' id='word_1_234' title='bbox 190 2778 300 2850; x_wconf 90' lang='grc' dir='ltr'><strong><em>χρόνων</em></strong></span> <span class='ocrx_word' id='word_1_235' title='bbox 313 2781 350 2834; x_wconf 89' lang='grc' dir='ltr'><strong><em>Μ.</em></strong></span> <span class='ocrx_word' id='word_1_236' title='bbox 361 2812 395 2821; x_wconf 90' lang='grc'>-</span> <span class='ocrx_word' id='word_1_237' title='bbox 410 2781 466 2835; x_wconf 87' lang='grc' dir='ltr'><strong><em>ἀπὸ</em></strong></span> <span class='ocrx_word' id='word_1_238' title='bbox 480 2791 536 2836; x_wconf 88' lang='grc' dir='ltr'><strong><em>τῶν</em></strong></span> <span class='ocrx_word' id='word_1_239' title='bbox 550 2781 681 2852; x_wconf 80' lang='grc' dir='ltr'><strong><em>ἀρκτῴων</em></strong></span> <span class='ocrx_word' id='word_1_240' title='bbox 695 2789 852 2850; x_wconf 83' lang='grc' dir='ltr'><strong><em>περατικῶν</em></strong></span> <span class='ocrx_word' id='word_1_241' title='bbox 866 2789 957 2849; x_wconf 81' lang='grc' dir='ltr'><strong><em>μερῶν</em></strong></span> <span class='ocrx_word' id='word_1_242' title='bbox 966 2780 1027 2834; x_wconf 82' lang='lat' dir='ltr'><strong><em>BR.</em></strong></span> <span class='ocrx_word' id='word_1_243' title='bbox 1038 2812 1073 2824; x_wconf 86' lang='lat'><em>-</em></span> <span class='ocrx_word' id='word_1_244' title='bbox 1089 2788 1122 2836; x_wconf 82' lang='grc'><strong><em>17</em></strong></span> <span class='ocrx_word' id='word_1_245' title='bbox 1137 2783 1208 2852; x_wconf 81' lang='grc' dir='ltr'><strong><em>μετό-</em></strong></span> 
     </span>
     <span class='ocr_line' id='line_1_29' title="bbox 190 2850 1056 2922; baseline 0.001 -17"><span class='ocrx_word' id='word_1_246' title='bbox 190 2855 269 2914; x_wconf 85' lang='grc' dir='ltr'><strong><em>τιδος</em></strong></span> <span class='ocrx_word' id='word_1_247' title='bbox 286 2852 366 2905; x_wconf 85' lang='lat' dir='ltr'><strong><em>ANP</em></strong></span> <span class='ocrx_word' id='word_1_248' title='bbox 389 2850 534 2921; x_wconf 86' lang='grc' dir='ltr'><strong><em>μαιότιδος</em></strong></span> <span class='ocrx_word' id='word_1_249' title='bbox 551 2853 600 2908; x_wconf 86' lang='lat' dir='ltr'><strong><em>BV</em></strong></span> <span class='ocrx_word' id='word_1_250' title='bbox 623 2851 769 2922; x_wconf 83' lang='grc' dir='ltr'><strong><em>μεσότιδος</em></strong></span> <span class='ocrx_word' id='word_1_251' title='bbox 787 2851 834 2906; x_wconf 80' lang='lat' dir='ltr'><strong><em>CL</em></strong></span> <span class='ocrx_word' id='word_1_252' title='bbox 857 2850 1007 2922; x_wconf 85' lang='grc' dir='ltr'><strong><em>μεσόπιδος</em></strong></span> <span class='ocrx_word' id='word_1_253' title='bbox 1024 2853 1056 2906; x_wconf 85' lang='lat' dir='ltr'><strong><em>R.</em></strong></span> 
     </span>
    </p>
   </div>
   <div class='ocr_carea' id='block_1_6' title="bbox 264 3011 1208 3138">
    <p class='ocr_par' dir='ltr' id='par_1_6' title="bbox 264 3011 1208 3138">
     <span class='ocr_line' id='line_1_30' title="bbox 264 3011 1208 3138; baseline 0.004 -74"><span class='ocrx_word' id='word_1_254' title='bbox 264 3017 315 3065; x_wconf 81' lang='lat'><strong><em>1.2</em></strong></span> <span class='ocrx_word' id='word_1_255' title='bbox 333 3012 452 3076; x_wconf 87' lang='grc' dir='ltr'><strong><em>πολλούς</em></strong></span> <span class='ocrx_word' id='word_1_256' title='bbox 469 3032 499 3069; x_wconf 85' lang='grc' dir='ltr'><strong><em>τε</em></strong></span> <span class='ocrx_word' id='word_1_257' title='bbox 517 3011 655 3084; x_wconf 86' lang='grc' dir='ltr'><strong><em>μαχίμους</em></strong></span> <span class='ocrx_word' id='word_1_258' title='bbox 671 3016 733 3138; x_wconf 67' lang='grc' dir='ltr'><strong><em>χυκι.</em></strong></span> <span class='ocrx_word' id='word_1_259' title='bbox 748 3014 797 3067; x_wconf 87' lang='grc' dir='ltr'><strong><em>καλ</em></strong></span> <span class='ocrx_word' id='word_1_260' title='bbox 815 3013 909 3082; x_wconf 84' lang='grc' dir='ltr'><strong><em>ἀναρ.)</em></strong></span> <span class='ocrx_word' id='word_1_261' title='bbox 927 3011 1020 3066; x_wconf 81' lang='lat' dir='ltr'>PNic.</span> <span class='ocrx_word' id='word_1_262' title='bbox 1039 3044 1075 3052; x_wconf 86' lang='lat'><strong>—</strong></span> <span class='ocrx_word' id='word_1_263' title='bbox 1099 3019 1115 3066; x_wconf 76' lang='lat'>2</span> <span class='ocrx_word' id='word_1_264' title='bbox 1135 3013 1208 3068; x_wconf 84' lang='grc' dir='ltr'><strong><em>ἀπο-</em></strong></span> 
     </span>
    </p>
   </div>
   <div class='ocr_carea' id='block_1_7' title="bbox 190 3081 1208 3646">
    <p class='ocr_par' dir='ltr' id='par_1_7' title="bbox 190 3081 1208 3646">
     <span class='ocr_line' id='line_1_31' title="bbox 190 3081 1207 3207; baseline 0.003 -72"><span class='ocrx_word' id='word_1_265' title='bbox 190 3083 285 3207; x_wconf 50' lang='grc' dir='ltr'><strong><em>βαλὼν</em></strong></span> <span class='ocrx_word' id='word_1_266' title='bbox 308 3084 357 3137; x_wconf 88' lang='grc' dir='ltr'><strong><em>καλ</em></strong></span> <span class='ocrx_word' id='word_1_267' title='bbox 376 3086 475 3148; x_wconf 81' lang='grc' dir='ltr'><strong><em>δεινῶς</em></strong></span> <span class='ocrx_word' id='word_1_268' title='bbox 491 3088 669 3153; x_wconf 88' lang='grc' dir='ltr'><strong><em>τραυματισθ</em></strong></span> <span class='ocrx_word' id='word_1_269' title='bbox 684 3103 746 3148; x_wconf 82' lang='grc' dir='ltr'><strong><em>ντες</em></strong></span> <span class='ocrx_word' id='word_1_270' title='bbox 768 3084 816 3139; x_wconf 87' lang='grc' dir='ltr'><strong><em>καί</em></strong></span> <span class='ocrx_word' id='word_1_271' title='bbox 839 3081 1006 3152; x_wconf 75' lang='grc' dir='ltr'><strong><em>ἡττηθέντες</em></strong></span> <span class='ocrx_word' id='word_1_272' title='bbox 1024 3082 1207 3153; x_wconf 80' lang='grc' dir='ltr'><strong><em>ὑπέστρεψαν</em></strong></span> 
     </span>
     <span class='ocr_line' id='line_1_32' title="bbox 222 3152 1207 3227; baseline 0.003 -20"><span class='ocrx_word' id='word_1_273' title='bbox 222 3154 283 3208; x_wconf 77' lang='lat' dir='ltr'><strong>Nic.</strong></span> <span class='ocrx_word' id='word_1_274' title='bbox 304 3187 337 3195; x_wconf 96' lang='lat'><em>-</em></span> <span class='ocrx_word' id='word_1_275' title='bbox 357 3161 372 3209; x_wconf 84' lang='lat'><strong>3</strong></span> <span class='ocrx_word' id='word_1_276' title='bbox 391 3155 536 3227; x_wconf 87' lang='grc' dir='ltr'><strong><em>γενόμενοι</em></strong></span> <span class='ocrx_word' id='word_1_277' title='bbox 550 3154 580 3209; x_wconf 93' lang='grc' dir='ltr'><strong><em>Ρ.</em></strong></span> <span class='ocrx_word' id='word_1_278' title='bbox 601 3187 634 3196; x_wconf 89' lang='lat'><em>-</em></span> <span class='ocrx_word' id='word_1_279' title='bbox 654 3161 670 3208; x_wconf 92' lang='grc'><strong><em>5</em></strong></span> <span class='ocrx_word' id='word_1_280' title='bbox 690 3152 919 3224; x_wconf 74' lang='grc' dir='ltr'><strong><em>καταληφθέντες</em></strong></span> <span class='ocrx_word' id='word_1_281' title='bbox 946 3154 1037 3226; x_wconf 86' lang='grc' dir='ltr'><strong><em>ἀρδην</em></strong></span> <span class='ocrx_word' id='word_1_282' title='bbox 1060 3157 1207 3210; x_wconf 80' lang='grc' dir='ltr'><strong><em>ἀπόλοντο</em></strong></span> 
     </span>
     <span class='ocr_line' id='line_1_33' title="bbox 190 3224 1207 3298; baseline 0.002 -19"><span class='ocrx_word' id='word_1_283' title='bbox 190 3227 274 3280; x_wconf 80' lang='grc' dir='ltr'><strong><em>πλοῖα</em></strong></span> <span class='ocrx_word' id='word_1_284' title='bbox 293 3225 367 3298; x_wconf 87' lang='grc' dir='ltr'><strong><em>χίλια</em></strong></span> <span class='ocrx_word' id='word_1_285' title='bbox 385 3225 530 3295; x_wconf 90' lang='grc' dir='ltr'><strong><em>τριακόσια</em></strong></span> <span class='ocrx_word' id='word_1_286' title='bbox 549 3224 715 3296; x_wconf 82' lang='grc' dir='ltr'><strong><em>παμμεγέθη</em></strong></span> <span class='ocrx_word' id='word_1_287' title='bbox 734 3226 872 3295; x_wconf 83' lang='grc' dir='ltr'><strong><em>παρεκτὸς</em></strong></span> <span class='ocrx_word' id='word_1_288' title='bbox 888 3225 1009 3295; x_wconf 84' lang='grc' dir='ltr'><strong><em>τέσσαρα</em></strong></span> <span class='ocrx_word' id='word_1_289' title='bbox 1028 3224 1102 3295; x_wconf 89' lang='grc' dir='ltr'><strong><em>μόνα</em></strong></span> <span class='ocrx_word' id='word_1_290' title='bbox 1120 3227 1151 3280; x_wconf 91' lang='grc' dir='ltr'><strong><em>Ρ.</em></strong></span> <span class='ocrx_word' id='word_1_291' title='bbox 1171 3259 1207 3267; x_wconf 90' lang='grc'>-</span> 
     </span>
     <span class='ocr_line' id='line_1_34' title="bbox 192 3296 1205 3369; baseline 0.001 -20"><span class='ocrx_word' id='word_1_292' title='bbox 192 3303 206 3349; x_wconf 81' lang='lat'><strong><em>&#39;1</em></strong></span> <span class='ocrx_word' id='word_1_293' title='bbox 226 3299 397 3367; x_wconf 87' lang='grc' dir='ltr'><strong><em>πιστεύωμεν</em></strong></span> <span class='ocrx_word' id='word_1_294' title='bbox 410 3298 440 3352; x_wconf 91' lang='lat' dir='ltr'><strong><em>P.</em></strong></span> <span class='ocrx_word' id='word_1_295' title='bbox 455 3330 490 3338; x_wconf 86' lang='lat'>—</span> <span class='ocrx_word' id='word_1_296' title='bbox 509 3303 525 3350; x_wconf 88' lang='lat'>8</span> <span class='ocrx_word' id='word_1_297' title='bbox 543 3298 703 3368; x_wconf 84' lang='grc' dir='ltr'><strong><em>θυμωθείς]</em></strong></span> <span class='ocrx_word' id='word_1_298' title='bbox 722 3297 880 3369; x_wconf 83' lang='grc' dir='ltr'><strong><em>χαλεπήνας</em></strong></span> <span class='ocrx_word' id='word_1_299' title='bbox 893 3297 923 3351; x_wconf 88' lang='lat' dir='ltr'><strong><em>P.</em></strong></span> <span class='ocrx_word' id='word_1_300' title='bbox 938 3329 974 3338; x_wconf 92' lang='lat'>—</span> <span class='ocrx_word' id='word_1_301' title='bbox 992 3303 1008 3351; x_wconf 86' lang='grc'>9</span> <span class='ocrx_word' id='word_1_302' title='bbox 1023 3296 1051 3352; x_wconf 87' lang='grc' dir='ltr'><strong><em>ολ</em></strong></span> <span class='ocrx_word' id='word_1_303' title='bbox 1065 3298 1097 3352; x_wconf 81' lang='grc' dir='ltr'><strong><em>δέ</em></strong></span> <span class='ocrx_word' id='word_1_304' title='bbox 1111 3299 1205 3353; x_wconf 86' lang='grc' dir='ltr'><strong><em>λοιποί</em></strong></span> 
     </span>
     <span class='ocr_line' id='line_1_35' title="bbox 190 3365 1206 3438; baseline 0.002 -17"><span class='ocrx_word' id='word_1_305' title='bbox 190 3368 243 3421; x_wconf 88' lang='grc' dir='ltr'><strong><em>δύο</em></strong></span> <span class='ocrx_word' id='word_1_306' title='bbox 258 3368 377 3437; x_wconf 85' lang='grc' dir='ltr'><strong><em>ἀδελφοὶ</em></strong></span> <span class='ocrx_word' id='word_1_307' title='bbox 390 3370 477 3424; x_wconf 76' lang='grc' dir='ltr'><strong><em>αὐτοῦ</em></strong></span> <span class='ocrx_word' id='word_1_308' title='bbox 491 3369 521 3422; x_wconf 93' lang='grc' dir='ltr'><strong><em>Ρ.</em></strong></span> <span class='ocrx_word' id='word_1_309' title='bbox 536 3400 570 3408; x_wconf 94' lang='grc'>-</span> <span class='ocrx_word' id='word_1_310' title='bbox 586 3373 620 3421; x_wconf 93' lang='grc'><strong><em>10</em></strong></span> <span class='ocrx_word' id='word_1_311' title='bbox 633 3365 782 3435; x_wconf 88' lang='grc' dir='ltr'><strong><em>πατρίκιον</em></strong></span> <span class='ocrx_word' id='word_1_312' title='bbox 796 3368 866 3436; x_wconf 83' lang='grc' dir='ltr'><strong><em>πρὸς</em></strong></span> <span class='ocrx_word' id='word_1_313' title='bbox 880 3369 983 3432; x_wconf 85' lang='grc' dir='ltr'><strong><em>αύτούς</em></strong></span> <span class='ocrx_word' id='word_1_314' title='bbox 995 3369 1026 3423; x_wconf 91' lang='lat' dir='ltr'><strong><em>P.</em></strong></span> <span class='ocrx_word' id='word_1_315' title='bbox 1041 3401 1075 3409; x_wconf 93' lang='lat'>—</span> <span class='ocrx_word' id='word_1_316' title='bbox 1092 3375 1125 3423; x_wconf 80' lang='lat'><strong><em>12</em></strong></span> <span class='ocrx_word' id='word_1_317' title='bbox 1140 3386 1206 3438; x_wconf 88' lang='grc' dir='ltr'><strong><em>συγ-</em></strong></span> 
     </span>
     <span class='ocr_line' id='line_1_36' title="bbox 190 3437 1207 3510; baseline 0.002 -20"><span class='ocrx_word' id='word_1_318' title='bbox 190 3437 291 3504; x_wconf 80' lang='grc' dir='ltr'><strong><em>κλήτου</em></strong></span> <span class='ocrx_word' id='word_1_319' title='bbox 304 3439 353 3492; x_wconf 85' lang='grc' dir='ltr'><strong><em>καί</em></strong></span> <span class='ocrx_word' id='word_1_320' title='bbox 366 3439 398 3492; x_wconf 88' lang='grc' dir='ltr'><strong><em>τδ</em></strong></span> <span class='ocrx_word' id='word_1_321' title='bbox 412 3437 522 3507; x_wconf 82' lang='grc' dir='ltr'><strong><em>θέλημα</em></strong></span> <span class='ocrx_word' id='word_1_322' title='bbox 536 3439 630 3492; x_wconf 87' lang='grc' dir='ltr'><strong><em>αύτῶν</em></strong></span> <span class='ocrx_word' id='word_1_323' title='bbox 643 3445 761 3505; x_wconf 83' lang='grc' dir='ltr'><strong><em>ποιῆσαι</em></strong></span> <span class='ocrx_word' id='word_1_324' title='bbox 775 3438 928 3508; x_wconf 78' lang='lat' dir='ltr'>PThooph.</span> <span class='ocrx_word' id='word_1_325' title='bbox 940 3471 973 3479; x_wconf 89' lang='lat'>—</span> <span class='ocrx_word' id='word_1_326' title='bbox 985 3445 1018 3492; x_wconf 87' lang='grc'><strong><em>13</em></strong></span> <span class='ocrx_word' id='word_1_327' title='bbox 1033 3441 1064 3495; x_wconf 86' lang='grc' dir='ltr'><strong><em>έν</em></strong></span> <span class='ocrx_word' id='word_1_328' title='bbox 1078 3449 1112 3510; x_wconf 82' lang='grc' dir='ltr'><strong><em>τῆ</em></strong></span> <span class='ocrx_word' id='word_1_329' title='bbox 1126 3439 1207 3496; x_wconf 83' lang='grc' dir='ltr'><strong><em>πόλει</em></strong></span> 
     </span>
     <span class='ocr_line' id='line_1_37' title="bbox 191 3507 1208 3581; baseline 0.004 -21"><span class='ocrx_word' id='word_1_330' title='bbox 191 3509 280 3569; x_wconf 77' lang='grc' dir='ltr'><strong><em>εὐθὺς</em></strong></span> <span class='ocrx_word' id='word_1_331' title='bbox 293 3507 308 3561; x_wconf 88' lang='grc' dir='ltr'>ὁ</span> <span class='ocrx_word' id='word_1_332' title='bbox 323 3508 452 3578; x_wconf 82' lang='grc' dir='ltr'><strong><em>βασιλεύς</em></strong></span> <span class='ocrx_word' id='word_1_333' title='bbox 464 3508 580 3569; x_wconf 87' lang='grc' dir='ltr'><strong><em>τούτους</em></strong></span> <span class='ocrx_word' id='word_1_334' title='bbox 593 3509 643 3577; x_wconf 82' lang='grc' dir='ltr'><strong><em>μέν</em></strong></span> <span class='ocrx_word' id='word_1_335' title='bbox 658 3509 751 3562; x_wconf 90' lang='grc' dir='ltr'><strong><em>ἀνεσκ.</em></strong></span> <span class='ocrx_word' id='word_1_336' title='bbox 767 3509 807 3572; x_wconf 83' lang='grc' dir='ltr'><strong><em>είς</em></strong></span> <span class='ocrx_word' id='word_1_337' title='bbox 820 3510 871 3579; x_wconf 76' lang='grc' dir='ltr'><strong><em>τὴν</em></strong></span> <span class='ocrx_word' id='word_1_338' title='bbox 886 3508 1021 3578; x_wconf 84' lang='grc' dir='ltr'><strong><em>λερείανΡ</em></strong></span> <span class='ocrx_word' id='word_1_339' title='bbox 1038 3510 1208 3581; x_wconf 84' lang='grc' dir='ltr'><strong><em>(ἀντιπέραν</em></strong></span> 
     </span>
     <span class='ocr_line' id='line_1_38' title="bbox 191 3577 502 3646; baseline -0.003 -14"><span class='ocrx_word' id='word_1_340' title='bbox 191 3578 222 3632; x_wconf 75' lang='grc' dir='ltr'><strong><em>ἐν</em></strong></span> <span class='ocrx_word' id='word_1_341' title='bbox 240 3588 340 3640; x_wconf 83' lang='grc' dir='ltr'><strong><em>συκαῖς</em></strong></span> <span class='ocrx_word' id='word_1_342' title='bbox 357 3577 502 3646; x_wconf 58' lang='grc' dir='ltr'><strong><em>Τλιαορλε.)</em></strong></span> 
     </span>
    </p>
   </div>
   <div class='ocr_carea' id='block_1_8' title="bbox 0 0 1314 3909">
    <p class='ocr_par' dir='ltr' id='par_1_8' title="bbox 0 0 1314 3909">
     <span class='ocr_line' id='line_1_39' title="bbox 0 0 1314 3909; baseline 0 2"><span class='ocrx_word' id='word_1_343' title='bbox 0 0 1314 3909; x_wconf 95' lang='lat' dir='ltr'><strong><em> </em></strong></span> 
     </span>
    </p>
   </div>
  </div>
 </body>
</html>
