2617 3909
198 234 264 300 660
508 233 696 284 νυαενιου
714 231 897 284 mmor

197 393 257 444 τῶν
275 381 459 464 σφαγέντων,
479 375 557 442 εἶδεν
575 380 720 442 ένύπνιον
738 388 882 459 τοιοῦτον,
906 377 945 454 ώς
965 381 1019 461 ότι,
1042 386 1117 443 λαοῦ
1136 386 1227 444 πλεί-

197 499 269 543 στου
291 489 475 562 παρεστῶτος
500 487 535 564 τῇ
558 477 652 539 εἰκόνι
676 482 807 558 Χριστοῦ
830 477 862 539 ἐν
884 487 919 562 τῇ
943 484 1035 564 χαλκῇ
1058 480 1140 564 πύλη
1165 492 1226 542 τοῦ

197 579 351 659 παλατίου,
375 577 463 658 φωνὴ
482 575 596 658 έγένετο
617 575 650 637 ἐκ
672 585 725 656 τῆς
743 576 859 648 εἰκόνος
877 574 1013 657 λέγουσα·
1037 575 1103 639 δότε
1122 582 1225 641 Μαυ-

197 679 302 759 ρίκιον.
347 673 383 736 δν
414 673 464 736 καί
495 674 693 755 κρατήσαντες
726 672 913 754 παρέστησαν
944 675 1128 737 κατενώπιον
1167 688 1224 758 τῆς

170 773 320 846 σείκόνος.
365 774 418 834 καί
442 789 538 851 φησιν
564 769 585 851 ἡ
613 773 684 834 θεία
712 771 812 850 φωνή·
841 781 901 833 πού
929 770 1040 852 θέλεις,
1069 766 1093 834 ἀ
1121 779 1224 838 Μαυ-

99 894 139 935 εεε
152 894 183 934 ει.
198 873 282 953 ρίκιε,
305 868 451 932 ἀποδώσω
474 887 532 949 σοι,
553 869 687 930 ἐνταῦθα
705 867 726 949 ἢ
750 869 782 931 ἐν
805 877 844 954 τῷ
864 869 998 948 μέλλοντι
1019 871 1121 948 αἰώνι;
1146 873 1165 936 δ
1188 874 1222 937 δέ

198 967 328 1040 ἀκούσας
354 966 404 1028 καὶ
431 968 589 1049 γενόμενος
615 967 756 1050 ἔντρομος
781 961 875 1028 εἶπεν·
903 968 1100 1050 φιλάνθρωπε
1123 972 1222 1052 κύριε,

198 1059 255 1127 ώδε
282 1065 332 1126 καὶ
359 1065 401 1145 μὴ
429 1065 496 1127 έκεῖ.
546 1064 597 1126 καλ
626 1064 721 1138 εύθδς
748 1063 898 1127 ἐκέλευσεν
926 1065 1092 1146 ἐκδοθῆναι
1123 1068 1222 1132 αύτδν

196 1163 247 1225 καί
274 1163 329 1243 την
356 1169 484 1244 γυναῖκα
510 1161 561 1224 καί
587 1162 623 1223 τά
649 1161 738 1224 τέκνα
765 1161 815 1223 καὶ
842 1173 941 1224 πᾶσαν
961 1164 1019 1243 τὴν
1043 1161 1221 1246 συγγένειαν

157 1286 184 1327 ιο
197 1260 290 1323 αύτού
316 1265 409 1345 Φωκᾷ
436 1265 476 1345 τῷ
500 1260 690 1344 στρατηλάτη.
736 1260 925 1333 διυπνισθείς
953 1253 1008 1322 ούν
1035 1259 1052 1322 δ
1077 1265 1221 1343 βασιλεὺς

196 1359 343 1422 ἀπέστειλε
366 1361 532 1440 παραυτίκα
556 1359 609 1421 τὸν
635 1359 903 1440 παρακοιμώμενον
925 1357 1047 1440 ἀγαγεῖν
1072 1363 1220 1424 Φιλιππι-

196 1458 251 1520 κὸν
282 1458 334 1520 τὸν
365 1457 500 1538 γαμβρόν
527 1456 621 1518 αύτού
649 1456 699 1518 διδι
726 1457 841 1537 τάχους.
891 1453 924 1530 ὃς
951 1457 1137 1537 θεασάμενος
1165 1461 1220 1522 τὸν

196 1556 462 1636 παρακοιμώμενον
484 1553 517 1616 έν
539 1555 662 1639 τοιαύτη
685 1554 748 1639 ἀρα
770 1554 821 1616 καὶ
843 1563 895 1634 τῆς
913 1553 1021 1616 ἑαυτοῦ
1044 1559 1121 1636 ζωῆς
1139 1557 1218 1620 ἀπο-

196 1653 288 1733 γνούς
301 1646 429 1736 ᾐτήσατο
443 1662 636 1732 κοινωνῆσαι,
654 1652 705 1714 καλ
722 1653 816 1726 ούτως
830 1647 917 1738 ἀπῄει
935 1652 1010 1733 πρὸς
1023 1653 1075 1715 τὸν
1093 1655 1218 1734 βασιλέα

157 1773 183 1814 ιε
197 1749 366 1810 καταλιπών
388 1749 444 1828 τὴν
468 1751 548 1811 ἰδίαν
570 1755 698 1832 γυναῖκα
725 1749 773 1811 έπί
800 1750 911 1811 σάκκου
938 1749 989 1810 καί
1017 1753 1132 1813 σποδοῦ
1155 1777 1217 1815 κει·
1296 1747 1297 1832 λ

197 1845 291 1926 μένην
318 1846 369 1907 καί
395 1849 565 1910 κλαίουσαν.
610 1843 673 1910 εἶτα
695 1847 839 1910 εἰσελθὼν
861 1847 894 1909 έν
921 1854 960 1933 τῷ
985 1850 1126 1934 βασιλικῷ
1151 1875 1217 1913 τισι-
1296 1839 1297 1862 ἰ

197 1955 267 2006 τῶνι
295 1944 417 2026 ἔρριψεν
444 1944 550 2008 έαυτδν
576 1947 619 2019 εἰς
646 1946 716 2020 τούς
743 1945 838 2018 πόδας
865 1955 918 2006 τού
940 1945 1092 2026 βασιλέως.
1137 1947 1154 2010 δ
1185 1949 1217 2012 δὲ

196 2043 333 2123 βασιλεύς
350 2045 488 2118 κελεύσας
506 2043 637 2118 ἐξελθεῖν
658 2044 712 2118 ἔξω
731 2043 783 2105 τὸν
800 2044 1067 2124 παρακοιμώμενον
1084 2043 1217 2122 ἀναστὰς

195 2141 298 2203 ἔπεσεν
320 2142 363 2216 εἰς
384 2142 454 2214 τοὺς
476 2143 572 2216 πόδας
597 2145 780 2204 Φιλιππικού
803 2140 908 2222 λέγων·
937 2142 1130 2222 συγχώρησόν
1153 2167 1216 2226 μοι,

157 2262 183 2302 ιο
196 2238 315 2319 ἀδελφέ,
339 2239 388 2301 διά
410 2241 463 2303 τὸν
485 2239 559 2301 θεὸν
583 2239 627 2300 ότι
649 2239 782 2322 ἥμαρτόν
805 2257 860 2300 σοι.
901 2237 956 2312 ἕως
976 2237 1042 2320 ἀρτι
1063 2239 1119 2322 γὰρ
1142 2240 1216 2303 ύπε-

196 2337 289 2398 νόουν
313 2355 344 2398 σε
367 2336 508 2416 μέλλοντα
532 2339 711 2419 νεωτερίζειν
734 2331 798 2398 κατ’
819 2336 908 2416 ἐμοῦ,
935 2335 1009 2398 ἀλλά
1035 2347 1093 2399 νύν
1115 2337 1216 2418 ἀσφα-

195 2438 253 2506 λῶς
271 2433 365 2514 έγνων
383 2433 489 2495 ἀθῶον
507 2429 586 2496 εἶναί
606 2453 637 2496 σε
660 2444 714 2514 τῆς
731 2434 875 2508 ύπονοίας
895 2435 1012 2513 ταύτης.
1052 2443 1215 2518 παρακαλῶ

195 2523 252 2591 ούν
276 2547 308 2590 σε
329 2529 422 2591 εἰπεῖν
441 2554 501 2612 μοι,
524 2534 591 2593 τίνα
612 2533 766 2614 γινώσκεις
784 2532 816 2593 έν
839 2537 900 2606 τοῖς
919 2529 1069 2614 ἡμετέροις
1087 2535 1216 2616 τάγμασι
1296 2527 1297 2590 ί

198 2631 309 2688 Φωκᾶν
328 2630 535 2709 στρατηλάτην.
577 2629 593 2692 ό
617 2628 650 2691 δέ
672 2629 850 2703 Φιλιππικὸς
872 2628 1121 2712 ἀναλογισάμενος
1140 2632 1216 2713 ἔφη·
1296 2617 1297 2678 ἰ

268 2779 282 2826 1
302 2777 405 2828 πολλοῦ
419 2770 478 2827 RV.
493 2805 528 2814 -
547 2780 563 2827 λ
581 2782 632 2828 τοῦ
650 2783 763 2845 χριστοῦ
777 2773 832 2826 ΑΜ
841 2773 907 2827 Exn.
923 2803 957 2814 —
976 2780 993 2827 4
1012 2775 1133 2830 ἐνώπιον
1150 2776 1214 2831 BR.
1296 2767 1297 2772 ¹

195 2877 228 2884 —
250 2839 307 2900 δώ
330 2861 381 2900 ονε.
396 2845 497 2899 RExc.
522 2877 557 2885 —
580 2851 596 2898 6
616 2845 690 2900 ἔνθα
710 2844 768 2899 ΟΒ.
793 2877 828 2885 -
853 2840 966 2900 ’λείπετ’
985 2844 1123 2900 OEGNP
1147 2847 1214 2918 (ἔφη

194 2916 524 3008 Τίιοοφλιηάποκρνδελς
542 2912 619 2970 εἶπεν
638 2916 713 2970 ABV
722 2915 788 2970 Exc.
813 2947 846 2956 —
871 2921 886 2969 9
907 2916 943 2970 τά
965 2915 1049 2970 τέκνα
1072 2918 1161 3010 αύτού
1180 2919 1214 2974 R.

194 3019 228 3028 -
247 2988 297 3042 καλ
313 3005 409 3042 πασαν
427 2987 479 3056 τὴν
497 3005 573 3058 συγγ.
593 2988 681 3041 αύτού
700 3003 752 3042 om.
771 2987 829 3041 AR.
854 3017 888 3027 —
909 2993 942 3040 10
961 2987 976 3042 ὁ
996 2990 1124 3059 βασιλευς
1142 3010 1216 3059 μαυ-

194 3056 285 3124 ρίκιος
307 3057 332 3110 Β,
355 3057 370 3112 δ
394 3055 543 3127 μαυρίκιος
565 3057 595 3111 Ρ.
620 3091 654 3098 -
680 3065 712 3112 13
735 3065 784 3127 τῆς
806 3062 877 3128 ζωῆς
899 3061 959 3128 (om.
981 3059 1092 3129 ἑαυτοῦ)
1111 3059 1139 3112 N
1164 3069 1217 3130 τῆς
1296 3107 1297 3114 ,

194 3129 281 3198 αὐτῆς
303 3133 375 3197 ζωῆς
396 3132 437 3219 ve}
459 3137 508 3198 τῆς
531 3134 603 3198 ζωῆς
625 3131 712 3183 αὐτοῦ
735 3146 806 3184 rece.
826 3161 861 3169 —
886 3135 919 3184 18
939 3129 1062 3194 ἐξελθεῖν
1081 3132 1217 3195 κελεύσας
1296 3185 1297 3212 χ

193 3199 250 3252 AB.
275 3231 309 3238 -
333 3205 367 3252 20
387 3202 436 3254 δια
454 3200 504 3256 τὸν
521 3199 607 3268 θεόν,
630 3199 736 3270 ἀδελφέ
754 3201 776 3254 Β
800 3199 906 3270 ἀδελφέ
926 3217 976 3256 ουτ.
996 3201 1154 3270 PTheoph.
1179 3235 1216 3245 -
1296 3231 1297 3260 .

194 3275 228 3322 23
242 3267 341 3330 τόποις
353 3271 401 3324 καλ
414 3271 535 3340 τάγμασι
544 3271 603 3325 RV.
615 3303 648 3312 -
664 3278 699 3326 24
714 3271 823 3340 φωυάν,
838 3271 936 3341 φωκδις
948 3273 1048 3342 ubique
1060 3273 1118 3340 fere
1125 3273 1215 3330 AGN.

268 3397 281 3443 1
306 3390 483 3463 σφαγέντων]
509 3394 691 3464 αἰχμαλώτων
715 3393 743 3447 Ρ.
773 3427 807 3434 -
836 3401 851 3448 3
875 3393 972 3464 γέγονε
995 3394 1153 3466 PTheoph.
1179 3429 1216 3440 —-

194 3467 211 3514 4
231 3459 264 3515 ὃν
287 3460 475 3526 κρατήσαντες
496 3465 545 3517 καλ
567 3464 681 3532 παρέστ.
701 3484 793 3520 κατεν.
816 3472 865 3534 τῆς
888 3464 998 3528 εἰκόνος
1016 3465 1103 3536 φησίν
1121 3467 1152 3520 Ρ.
1178 3499 1215 3510 -

101 3563 103 3567 >
195 3537 211 3583 8
231 3530 318 3584 ἐκεῖσε
332 3528 362 3580 Ρ.
377 3561 411 3568 -
433 3537 465 3584 16
485 3533 590 3588 σάκκου
609 3536 658 3588 καὶ
677 3551 727 3590 om.
742 3535 772 3589 P.
788 3565 821 3576 -
841 3541 876 3589 24
895 3537 1133 3608 ἀναλογισάμενος
1152 3537 1214 3606 ἕνα,

195 3598 291 3668 φησίν,
310 3600 437 3668 γινώσκω
456 3598 485 3654 Ρ.
