2617 3909
531 225 718 276 XPONIKON
1066 223 1128 288 757

112 370 147 432 δέ
169 370 359 453 ἐξαγαγόντες
380 370 474 433 αὐτὸν
498 369 734 452 ἀπεκεφάλισαν,
762 371 812 432 καὶ
835 373 889 451 τήν
918 371 971 452 μὲν
996 375 1130 453 κεφαλήν

112 468 208 530 αύτοῦ
226 468 258 530 ἐν
277 475 317 553 τῷ
339 469 429 555 Φόρηο
446 469 619 549 ἐκρέμασαν,
638 469 671 531 τό
691 467 722 530 δέ
741 480 825 548 σῶμα
843 471 984 552 σύραντες
1003 471 1130 554 ἔρριψαν

111 567 157 641 είς
184 566 219 627 τὰ
247 568 412 648 Πελαγίον,
444 567 520 630 ἔνθα
547 568 652 648 πρώην
681 565 734 647 μὲν
762 567 893 650 ὑπῆρχεν
921 567 937 630 ό
964 579 1017 630 τού
1044 567 1130 651 ἁγίου

113 661 262 745 μάρτυρος
292 666 443 747 Πελαγίαν
473 665 561 745 ναός,
593 663 628 727 ὃν
661 663 678 728 ό
710 666 855 746 θεομισής
886 667 1051 742 καταλύσας
1081 667 1131 728 καί

110 764 211 842 τάφον
233 765 401 825 καταδίκων
423 764 551 842 ποιήσας
573 763 689 826 ἐκάλεσε
708 763 743 824 τά
764 766 921 846 Πελαγίου.
959 765 1052 838 οὕτως
1075 757 1131 827 ούν
1158 787 1171 826 e

111 861 165 924 τόν
190 855 244 922 ὑπ’
265 861 358 923 αὐτοῦ
386 860 631 941 χειροτονηθέντα
659 861 709 923 καί
737 861 920 936 δοξασθέντα
948 864 1131 944 φατριάρχην

111 960 239 1039 τιμήσας
270 958 500 1040 ἀντιχειροτονεῐ
529 961 619 1021 πάλιν
651 959 703 1021 τὸν
736 960 880 1041 εὐνοῦχον
912 962 1050 1040 Νικήταν
1082 960 1131 1024 καὶ

111 1058 262 1137 Σκλάβον.

184 1156 270 1218 oete
294 1154 326 1216 δέ
351 1155 401 1218 καί
425 1155 540 1236 Πέτρον
562 1157 614 1218 τόν
637 1157 717 1235 ἱερὸν
741 1158 879 1235 στνλίτην
907 1157 947 1236 μὴ
971 1157 1131 1219 πεισθέντα
1146 1171 1184 1211 651
1200 1170 1230 1209 M·

112 1259 175 1326 τοῖς
193 1259 337 1333 πονηροῖς
360 1253 453 1316 αύτού
472 1253 598 1335 δόγμασι
620 1254 714 1316 πολλὰ
735 1256 897 1334 βασανίσας
920 1255 962 1327 εἰς
980 1254 1015 1316 τά
1035 1259 1131 1318 Πελα-
1145 1276 1172 1318 1⁰

113 1353 182 1432 γίον
210 1351 376 1431 συρόμενον
403 1354 496 1424 ζῶντα
524 1352 652 1432 ῥιφῆναι
679 1350 863 1433 προσέταξεν.
909 1349 1048 1424 ὡσαύτως
1077 1350 1131 1431 μέν

113 1440 170 1510 ούν
201 1447 251 1508 καὶ
279 1447 330 1509 τὸν
357 1454 444 1510 θεῖον
472 1448 631 1528 Στέφανον
660 1450 693 1511 ἐν
720 1459 755 1534 τῇ
784 1448 929 1535 ἀκρωρείηι
961 1459 1014 1510 τοῦ
1043 1448 1132 1532 ὅρους

114 1547 279 1620 Αύξεντίον
297 1556 350 1608 τοῦ
370 1548 524 1628 θεοφόρον
542 1548 708 1626 ποιήσαντα
729 1548 777 1627 έτη
798 1541 829 1627 μ’
851 1547 883 1608 ἐν
902 1548 1022 1632 οἰκίσκῳ
1042 1555 1134 1632 μικρῷ

114 1643 208 1706 πολλὰ
226 1644 394 1726 τιμωρήσας
412 1643 551 1724 ἐπέτρεψε
569 1644 694 1725 συρέντα
712 1647 840 1727 ῥιφῆναι
862 1647 905 1720 είς
927 1646 962 1707 τά
982 1648 1130 1729 Πελαγίον

116 1741 157 1816 ὡς
180 1743 217 1804 ού
241 1743 335 1821 μόνον
357 1741 567 1805 ἀντιπίπτοντα
593 1743 643 1805 καλ
672 1744 838 1825 μαχόμενον
866 1745 958 1807 αὐτοῦ
981 1754 1016 1828 τή
1041 1768 1128 1806 κακο-
1145 1767 1170 1808 ισ

113 1842 208 1925 δοξίμ,
232 1839 304 1900 ἀλλὰ
327 1839 376 1901 καὶ
395 1841 523 1914 πολλοὺς
542 1841 742 1923 μεταφέροντα
765 1842 840 1923 πρὸς
858 1844 910 1906 τὸν
928 1842 1045 1923 μονήρη
1063 1844 1131 1923 βίον

112 1938 164 2000 καὶ
190 1945 390 2018 καταφρονεῖν
417 1941 562 2000 πείθοντα
589 1942 751 2020 βασιλικῶν
778 1940 952 2020 ἀξιωμάτων
984 1940 1034 2002 καὶ
1061 1964 1131 2022 χρη-

113 2038 222 2116 μάτων.
264 2035 314 2097 καὶ
337 2029 376 2115 ήν
400 2038 475 2098 ι’όεῑν
498 2036 572 2098 κατὰ
594 2048 694 2099 πᾶσαν
713 2039 804 2104 Ιπόλιν
827 2038 876 2098 καὶ
895 2039 993 2118 χώραν
1016 2043 1132 2119 θρῆνος

113 2134 162 2197 ἐπὶ
185 2141 304 2215 θρῆνον
327 2133 376 2195 καί
395 2134 464 2196 ούαλ
482 2133 529 2196 ἐπὶ
549 2133 617 2196 ούαλ
640 2135 720 2216 παρὰ
738 2146 798 2196 τῶν
816 2135 1029 2216 εὐσεβούντων,
1052 2136 1131 2216 παρὰ

113 2229 146 2292 δέ
165 2241 224 2293 τῶν
242 2231 431 2312 ἀσεβούντων
450 2232 513 2314 ίερά
528 2233 699 2311 πατούμενα
717 2232 767 2293 καλ
786 2233 876 2312 σκεύη
896 2234 1131 2312 μεταποιούμενα
1145 2257 1171 2296 εο

112 2330 269 2408 ἐκκλησίαις
287 2353 316 2390 τε
335 2329 570 2410 ἀνορυττομένας
588 2329 637 2390 καὶ
654 2332 739 2404 θείας
757 2331 874 2404 εἰκόνας
892 2331 1130 2410 κατασπωμένας.

186 2527 263 2573 3-1)
284 2518 421 2588 Stephani
439 2519 506 2572 Vita
530 2519 668 2588 Stephani
691 2519 789 2590 Migne
808 2525 876 2574 1177
888 2520 915 2574 0.
939 2553 974 2560 -
993 2526 1071 2576 5-8
1095 2524 1129 2588 ef.

112 2591 239 2661 Theoph.
252 2596 405 2660 p.440‚12.
422 2623 456 2630 -
471 2597 557 2644 9-11
573 2592 608 2657 ef.
619 2591 744 2660 Theoph.
757 2609 785 2660 p.
798 2597 859 2659 ειν,
871 2598 911 2646 19.
926 2623 959 2632 -
975 2598 1079 2648 11-17
1095 2593 1129 2659 ef.

112 2663 238 2732 Theoph.
250 2681 280 2732 p.
295 2667 357 2729 436,
372 2667 405 2714 26
420 2661 538 2731 Niceph.
553 2662 632 2717 Brev.
643 2681 673 2732 p.
685 2668 726 2716 72.
744 2695 775 2703 -
792 2668 896 2717 18-21
913 2663 1049 2733 Stephani
1064 2663 1131 2718 Vita

114 2734 252 2803 Stephani
270 2734 366 2802 Migne
387 2739 454 2786 1112
466 2733 498 2786 D.

186 2883 200 2929 1
221 2876 308 2931 αύτὸν
328 2876 379 2941 ἔξω
397 2877 477 2930 ἀπεκ.
497 2875 531 2929 N.
557 2907 589 2915 —
616 2881 648 2930 10
668 2885 727 2940 τοῖς
750 2879 836 2931 αὐτοῦ
859 2885 995 2946 πονηροῖς
1013 2876 1071 2929 RV.
1097 2909 1129 2917 -

114 2953 148 3002 18
167 2944 250 3002 πόλιν
268 2949 317 3000 καλ
349 2949 425 3016 ώραν
438 2947 576 3001 BOMPR
598 2949 691 3018 χώραν
705 2949 754 3002 καί
768 2948 852 3002 πόλιν
866 2947 1024 3001 ADELRV
1034 2947 1129 3017 Steph.

113 3052 148 3060 -
170 3023 280 3088 θρῆνος
356 3017 483 3088 PSteph.
507 3023 618 3088 θρήνου
641 3017 702 3072 rell.
728 3052 761 3060 -
786 3026 818 3072 21
843 3019 1064 3089 κατασπωμένας
1084 3019 1131 3072 ΑΡ

113 3087 319 3159 ἀνασπωμένας
336 3090 359 3141 Β
381 3089 560 3158 πατουμένας
577 3089 637 3143 rell.

186 3257 202 3306 8
220 3251 243 3304 P
261 3251 342 3304 adda
364 3247 425 3304 ἀλλ’
442 3245 463 3304 ὦ
481 3257 530 3318 τῆς
549 3249 666 3375 ἐσχάτης
689 3247 828 3311 ἀπονοίας
850 3252 899 3305 καὶ
921 3248 1131 3318 ἀπανθρωπίας

113 3331 164 3378 τοῦ
182 3321 355 3377 ἀτασθάλου.
384 3330 444 3385 πῶς
460 3323 512 3376 οὐκ
526 3322 575 3375 aie
590 3327 647 3390 σθη
666 3322 717 3390 τὴν
731 3319 817 3392 ἁγίαν
836 3321 1044 3393 κολυμβήθραν.
1078 3323 1130 3375 δύο

114 3393 167 3462 γὰρ
187 3395 274 3448 αύτοῦ
292 3390 376 3447 τέκνα
395 3393 548 3460 δεξάμενος
565 3387 601 3462 ήν
621 3393 651 3446 έκ
670 3401 718 3462 τῆς
736 3391 830 3462 τρίτης
847 3392 981 3462 γυναικός
994 3392 1129 3460 (Theoph.

111 3482 140 3533 p.
155 3469 221 3532 442,
239 3470 291 3535 13).
311 3497 346 3504 -
371 3470 401 3518 11
423 3463 577 3533 συρόμενον
596 3464 626 3518 ἐκ
644 3473 701 3518 τῶν
719 3467 817 3519 ποδῶν
835 3468 925 3529 ζῶντα
943 3463 1129 3532 P(Theoph.).

114 3567 149 3576 -
167 3535 218 3604 μέν
237 3532 300 3607 οὖν]
320 3556 350 3606 γε
369 3534 424 3606 μὴν
442 3535 472 3589 Ρ.
492 3567 526 3574 -
547 3541 580 3589 19
600 3535 789 3606 εὐσεβούντων
808 3533 858 3604 μέν
877 3535 907 3588 P.
928 3567 961 3576 -
986 3540 1020 3588 20
1038 3553 1130 3602 παρα-

113 3607 234 3675 τούμενα
242 3607 271 3659 Ρ.
284 3639 317 3647 -
330 3613 362 3661 21
378 3610 445 3662 Poet
458 3604 681 3676 κατασπωμένας
695 3607 716 3659 Ρ
731 3608 795 3662 add.
806 3623 840 3660 ον
849 3607 938 3675 steph.
949 3608 1007 3666 etta
1018 3606 1129 3660 1113A:
