2617 3909
198 189 262 253 730
509 193 698 245 ΓΕΩΡΙῚΟΤ
714 193 898 245 ΜΟΝΑΧΟΤ

196 341 269 403 λαὸν
286 341 458 423 περιούσιον
475 340 585 415 αύτούς
602 340 804 422 ἐπωνόμασεν,
827 339 881 415 ούς
899 341 936 420 δὴ
956 341 1007 403 καὶ
1025 344 1221 416 καθοπλίσας

196 438 246 500 καί
273 439 533 519 ι’διοποιησάμενος
559 438 610 500 καί
636 449 672 524 τῇ
696 440 809 501 τούτων
835 438 957 524 ἀνδρεία
985 440 1035 500 καί
1064 443 1223 525 συμμαχίᾳ

196 536 350 610 πεποιθὼς
372 537 481 619 γράφει
498 543 560 610 τοῖς
576 542 769 619 Σαρακηνοῖς
792 536 832 611 ὡς
851 537 891 616 μὴ
910 535 1046 617 ἐμμένειν
1067 539 1167 600 αὐτόν
1186 549 1222 624 τῇ

196 635 350 717 ἐγγράφως
376 636 617 719 σνμφωνηθείση
645 634 752 713 μεταξύ
771 630 922 713 Ῥωμαίων
950 635 1000 696 καί
1025 641 1223 718 Σαρακηνῶν

165 732 316 816 ιείρήνη,
339 732 389 794 καί
411 731 512 812 λαβὼν
534 732 587 793 τόν
609 733 781 814 περιούσιον
803 732 917 794 ἐκεῖνον
939 735 1023 813 λαόν,
1048 739 1167 812 μᾶλλον
1191 733 1221 795 δὲ

197 829 330 910 ἀνόσιον,
355 830 406 892 καί
428 830 464 890 τὰ
486 830 574 892 λοιπὰ
597 831 797 911 στρατεύματα
818 829 893 911 πρὸς
914 829 970 910 τὴν
992 833 1221 911 Σεβαστόπολιν

197 927 324 1008 ἀπῆρεν·
343 927 377 989 ἐν
395 915 416 1014 ᾗ
434 928 484 989 καί
498 929 530 990 οί
540 927 716 1010 Σαρακηνοί
734 928 968 1008 παραγενόμενοι
982 928 1032 989 καί
1045 952 1220 1012 προμαρτυ-

200 1026 321 1107 ρόμενον
343 1025 422 1110 αύτῷ
441 1025 477 1086 τδι
496 1020 565 1105 μεθ’
587 1025 684 1108 ὅρκων
702 1025 946 1105 συμφωνηθέντα
970 1027 1010 1106 μὴ
1030 1027 1220 1108 διαστρέψαι,

198 1123 262 1184 ε’πεί
282 1124 330 1184 τοί
349 1147 382 1205 γε
404 1124 506 1207 κριτης
529 1123 546 1186 δ
569 1103 641 1196 θεὸς
668 1122 718 1184 καὶ
740 1123 856 1198 ἔκδικος
878 1125 1031 1205 γενήσεται
1057 1124 1129 1206 περὶ
1153 1127 1218 1186 τού-

159 1244 185 1284 το
198 1245 272 1301 των,
300 1221 336 1283 ού
363 1221 534 1295 κατεδέξατο
561 1226 711 1295 παντελῶς
737 1221 773 1281 τὰ
799 1231 852 1300 τῆς
879 1222 1000 1302 είρήνης
1028 1220 1044 1283 δ
1068 1225 1218 1303 βασιλεύς,

198 1318 271 1380 ἀλλὰ
293 1319 368 1400 πρὸς
390 1321 488 1400 μάχην
509 1319 712 1402 παρετάσσετο.
751 1317 801 1379 καί
824 1318 862 1398 δὴ
885 1320 1052 1400 παραυτίκα
1076 1321 1218 1393 λύσαντες

199 1418 232 1478 οί
246 1416 422 1500 Σαρακηνολ
439 1418 492 1480 τδν
510 1427 563 1496 τῆς
582 1417 705 1499 εἰρήνης
723 1416 872 1498 ἔγγραφον
895 1417 1004 1500 χάρτην
1027 1417 1080 1480 καί
1103 1417 1157 1480 ἐπὶ
1174 1419 1218 1480 δό-

199 1537 286 1596 ρατος
308 1514 523 1595 άναρτήσαντες
545 1515 688 1596 ὥρμησαν
710 1513 783 1576 κατδι
800 1509 966 1595 Ῥωμαίων,
989 1515 1040 1576 καὶ
1063 1521 1218 1598 συμβολῆς

198 1611 359 1692 γενομένης
382 1613 589 1692 ηὐτομόλησαν
611 1613 643 1674 ἐκ
663 1621 723 1673 τῶν
741 1613 887 1691 Σκλάβων
910 1611 1031 1676 ἐκείνων
1054 1615 1134 1696 πρὸς
1151 1615 1218 1687 τοὺς

160 1732 185 1772 τε
200 1711 398 1790 Σαρακηνούς
425 1711 552 1791 χιλιάδες
578 1709 618 1771 κ’.
665 1708 715 1771 καί
745 1710 821 1771 οότω
849 1720 908 1771 τῶν
932 1704 1085 1790 Ῥωμαίων
1114 1715 1217 1784 δεινῶς

102 1833 141 1872 ιιι
155 1831 186 1870 τι.
201 1805 369 1887 τραπέντων
391 1806 442 1868 καί
464 1806 679 1888 ἀναριθμήτων
701 1805 886 1889 σφαγέντων,
909 1805 928 1888 ἡ
948 1809 1153 1891 δικαιοκρισία
1171 1809 1217 1872 καλ

199 1906 270 1984 νίκη
297 1904 371 1986 πρὸς
398 1906 468 1979 τούς
494 1905 648 1978 ἐναντίους
679 1905 806 1986 ἐχώρησε
837 1907 1019 1968 διδάσκουσα
1051 1909 1093 1988 μὴ
1125 1931 1216 1989 παρα·
1284 1965 1285 1986 ,

201 2004 316 2083 βαίνειν
339 2009 426 2064 θεῖον
450 2003 541 2085 ὅρκον
563 2005 696 2083 πώποτε,
723 2000 780 2064 κδν
802 2005 877 2085 πρὸς
900 2004 1053 2078 ἐναντίους
1077 2006 1129 2068 καί
1153 2005 1217 2067 άπί·

201 2119 289 2175 στους
305 2101 434 2184 γίνηται.
466 2101 649 2183 πεφευγότος
668 2099 700 2162 δὲ
718 2109 771 2162 τοῦ
789 2101 931 2181 βασιλέως
947 2102 999 2164 καλ
1016 2103 1049 2164 ἐν
1067 2111 1109 2187 τῷ
1124 2127 1216 2186 παρα-

162 2224 188 2264 εο
201 2202 354 2282 θαλασσίῳ
381 2208 434 2260 τοῦ
462 2200 619 2260 Λευκάτου
647 2192 708 2278 μετ’
735 2199 877 2280 αἰσχύνης
907 2205 1019 2280 πολλῆς
1050 2201 1102 2262 καί
1130 2203 1216 2281 ἥττης

201 2296 356 2376 ἐλθόντος,
392 2296 487 2359 άνεῑλε
524 2295 576 2370 τδις
607 2298 847 2378 περιλειφθείσας
883 2296 954 2359 δέκα
987 2299 1123 2379 χιλιάδας
1163 2311 1217 2361 τῶν

201 2398 349 2477 Σκλάβων
371 2397 429 2458 σύν
450 2393 569 2478 γυναιξί
591 2395 642 2456 καί
665 2393 786 2468 τέκνοις.
830 2395 904 2457 ὅθεν
926 2394 975 2457 ἐπὶ
997 2401 1102 2458 πλείου
1124 2397 1216 2459 ἔκτοτε

202 2493 425 2575 θρασυνθέντες
448 2495 480 2556 οί
495 2493 670 2576 Σαρακηνοὶ
693 2493 893 2576 σφοδρότερον
915 2494 1142 2573 διελυμαίνοντο
1166 2497 1217 2575 τὴν

168 2753 169 2757 ¹
276 2688 381 2752 22—p.
398 2688 484 2749 731‚1
504 2684 539 2749 cf.
553 2682 680 2752 Theoph.
694 2701 721 2752 μ.
738 2689 799 2751 367,
815 2691 838 2736 1.

276 2839 290 2887 1
310 2834 359 2886 καί
377 2850 427 2887 om.
443 2832 473 2887 M
491 2841 517 2889 et
533 2851 604 2888 rece.
620 2835 744 2902 quidam.
764 2865 799 2874 -
818 2839 833 2886 3
852 2829 1033 2897 πεποιθότως
1046 2833 1103 2888 ΟΜ
1121 2854 1217 2890 πεποι-

203 2905 296 2966 θάτος
310 2903 333 2956 Ε
350 2906 568 2967 πεποιθῶτοςΒ
583 2923 617 2960 m.
632 2912 648 2960 1
663 2912 694 2959 πό
707 2906 763 2960 vid.
781 2908 899 2972 θαρρῶν
912 2905 942 2957 Β.
956 2936 990 2944 -
1005 2904 1100 2974 μένειν
1116 2906 1175 2962 RV.
1186 2939 1217 2946 -

204 2977 279 3029 αύτῶ
294 2974 343 3029 ΟΕ
362 2976 455 3030 αύτῶν
469 2977 494 3029 D
508 2981 577 3032 καθ
594 2994 663 3031 corr.
682 3009 718 3018 —
736 2982 753 3028 4
772 2977 919 3046 ἐγγραφῶς
936 2975 1115 3047 Ε’ἐγγράφω
1130 2977 1217 3030 ΑΜΡ.

204 3078 238 3086 -
258 3051 274 3100 5
292 3046 362 3101 λαόν
381 3047 489 3103 ἐκεῖνον
507 3047 598 3102 BDR.
617 3079 653 3087 -
672 3046 703 3101 δὲ
722 3048 771 3101 καλ
788 3045 905 3102 άνόσιον
923 3047 948 3100 Α
966 3048 998 3102 δὲ
1015 3049 1065 3102 τὸν
1078 3049 1124 3102 άν.
1139 3048 1171 3103 Ρ.
1185 3081 1216 3088 —-

205 3123 220 3168 ’ί
235 3118 494 3189 προμαρτυρόμενοι
508 3118 586 3173 ΒΕΡ
603 3119 882 3188 προμαρτυρούμενοι
895 3118 955 3172 rell.
970 3151 1005 3174 ,-
1026 3125 1059 3172 13
1077 3120 1150 3174 κατδι
1164 3129 1217 3174 τῶν

205 3185 271 3258 βωμ.
286 3189 344 3243 ΒΕ.
363 3223 399 3231 -
418 3197 451 3244 19
470 3189 616 3261 γεγένηται
635 3188 725 3244 CRM,

277 3363 293 3409 4
313 3354 444 3426 βωμαίων
461 3375 491 3410 τε
508 3357 558 3409 καλ
574 3357 605 3409 P.
625 3389 658 3397 -
684 3364 796 3411 14-16
816 3356 931 3414 ἐκείνων
954 3358 1077 3430 χιλιάδες
1099 3359 1129 3414 κ’
1149 3361 1217 3428 πρὸς

205 3429 270 3489 τούς
293 3427 476 3496 σαρακηνούς.
513 3427 561 3480 καί
585 3426 673 3488 ούτως
697 3428 785 3491 εύθύς
807 3425 976 3498 ολβωμαῖοι
998 3428 1151 3497 τραπέντες
1172 3432 1216 3484 καί

205 3494 567 3627 χρέλρχττρίηιγμῑρτισθόιπες
581 3498 629 3549 καλ
644 3497 795 3566 σφαγίντες
809 3500 827 3568 ἡ
842 3501 978 3568 δικαιοκρ.
990 3499 1019 3554 Ρ.
1033 3533 1067 3540 -
1082 3507 1115 3555 21
1130 3502 1216 3572 χιλιά·
