<?xml version="1.0" encoding="UTF-8"?>
<!DOCTYPE html PUBLIC "-//W3C//DTD XHTML 1.0 Transitional//EN"
    "http://www.w3.org/TR/xhtml1/DTD/xhtml1-transitional.dtd">
<html xmlns="http://www.w3.org/1999/xhtml" xml:lang="en" lang="en">
 <head>
  <title>
</title>
<meta http-equiv="Content-Type" content="text/html;charset=utf-8" />
  <meta name='ocr-system' content='tesseract 3.04.00' />
  <meta name='ocr-capabilities' content='ocr_page ocr_carea ocr_par ocr_line ocrx_word'/>
</head>
<body>
  <div class='ocr_page' id='page_1' title='image "./georgiimonachic00boorgoog_0170.png"; bbox 0 0 2617 3909; ppageno 0'>
   <div class='ocr_carea' id='block_1_1' title="bbox 181 231 882 296">
    <p class='ocr_par' dir='ltr' id='par_1_1' title="bbox 181 231 882 296">
     <span class='ocr_line' id='line_1_1' title="bbox 181 231 882 296; baseline -0.02 0"><span class='ocrx_word' id='word_1_1' title='bbox 181 231 249 296; x_wconf 79' lang='grc' dir='ltr'><strong><em>Ι546</em></strong></span> <span class='ocrx_word' id='word_1_2' title='bbox 496 232 682 284; x_wconf 71' lang='grc' dir='ltr'><strong><em>ΓΕαΡοΙοΤ</em></strong></span> <span class='ocrx_word' id='word_1_3' title='bbox 700 233 882 284; x_wconf 61' lang='lat' dir='ltr'><strong><em>Momm</em></strong></span> 
     </span>
    </p>
   </div>
   <div class='ocr_carea' id='block_1_2' title="bbox 86 373 1205 2520">
    <p class='ocr_par' dir='ltr' id='par_1_2' title="bbox 86 373 1205 2520">
     <span class='ocr_line' id='line_1_2' title="bbox 182 373 1204 465; baseline -0.002 -23"><span class='ocrx_word' id='word_1_4' title='bbox 182 378 298 459; x_wconf 72' lang='grc' dir='ltr'><strong><em>’ἤκουσα</em></strong></span> <span class='ocrx_word' id='word_1_5' title='bbox 330 379 404 460; x_wconf 84' lang='grc' dir='ltr'><strong><em>μηδὲ</em></strong></span> <span class='ocrx_word' id='word_1_6' title='bbox 436 386 475 464; x_wconf 77' lang='grc' dir='ltr'><strong><em>τῷ</em></strong></span> <span class='ocrx_word' id='word_1_7' title='bbox 504 381 588 465; x_wconf 77' lang='grc' dir='ltr'><strong><em>τάφῳ</em></strong></span> <span class='ocrx_word' id='word_1_8' title='bbox 620 380 937 462; x_wconf 76' lang='grc' dir='ltr'><strong><em>προσλαμβανόμενον,</em></strong></span> <span class='ocrx_word' id='word_1_9' title='bbox 969 373 1031 441; x_wconf 75' lang='grc' dir='ltr'><strong><em>ἄλλ’</em></strong></span> <span class='ocrx_word' id='word_1_10' title='bbox 1059 378 1119 440; x_wconf 79' lang='grc' dir='ltr'><strong><em>ὑπὸ</em></strong></span> <span class='ocrx_word' id='word_1_11' title='bbox 1147 390 1204 460; x_wconf 86' lang='grc' dir='ltr'><strong><em>τῆς</em></strong></span> 
     </span>
     <span class='ocr_line' id='line_1_3' title="bbox 184 474 1203 560; baseline 0.002 -21"><span class='ocrx_word' id='word_1_12' title='bbox 184 480 351 558; x_wconf 86' lang='grc' dir='ltr'><strong><em>σεισθείσης</em></strong></span> <span class='ocrx_word' id='word_1_13' title='bbox 374 474 415 540; x_wconf 87' lang='grc' dir='ltr'><strong><em>δι’</em></strong></span> <span class='ocrx_word' id='word_1_14' title='bbox 436 478 528 540; x_wconf 80' lang='grc' dir='ltr'><strong><em>αὐτὸν</em></strong></span> <span class='ocrx_word' id='word_1_15' title='bbox 550 489 605 560; x_wconf 85' lang='grc' dir='ltr'><strong><em>γῆς</em></strong></span> <span class='ocrx_word' id='word_1_16' title='bbox 627 477 839 557; x_wconf 77' lang='grc' dir='ltr'><strong><em>ἀποσειόμενος</em></strong></span> <span class='ocrx_word' id='word_1_17' title='bbox 861 478 911 540; x_wconf 79' lang='grc' dir='ltr'><strong><em>καὶ</em></strong></span> <span class='ocrx_word' id='word_1_18' title='bbox 929 477 1203 560; x_wconf 87' lang='grc' dir='ltr'><strong><em>άναβρασσόμενος,</em></strong></span> 
     </span>
     <span class='ocr_line' id='line_1_4' title="bbox 182 571 835 657; baseline 0.003 -21"><span class='ocrx_word' id='word_1_19' title='bbox 182 578 341 657; x_wconf 87' lang='grc' dir='ltr'><strong><em>προοίμιον</em></strong></span> <span class='ocrx_word' id='word_1_20' title='bbox 363 571 446 656; x_wconf 80' lang='grc' dir='ltr'><strong><em>οἶμαι</em></strong></span> <span class='ocrx_word' id='word_1_21' title='bbox 468 587 521 656; x_wconf 90' lang='grc' dir='ltr'><strong><em>τῆς</em></strong></span> <span class='ocrx_word' id='word_1_22' title='bbox 543 576 660 637; x_wconf 79' lang='grc' dir='ltr'><strong><em>ἐκεῖθεν</em></strong></span> <span class='ocrx_word' id='word_1_23' title='bbox 681 577 835 650; x_wconf 87' lang='grc' dir='ltr'><strong><em>κολάσεως.</em></strong></span> 
     </span>
     <span class='ocr_line' id='line_1_5' title="bbox 250 672 1204 756; baseline 0.002 -22"><span class='ocrx_word' id='word_1_24' title='bbox 250 674 338 736; x_wconf 82' lang='grc' dir='ltr'><strong><em>Μετὰ</em></strong></span> <span class='ocrx_word' id='word_1_25' title='bbox 371 672 403 736; x_wconf 81' lang='grc' dir='ltr'><strong><em>δὲ</em></strong></span> <span class='ocrx_word' id='word_1_26' title='bbox 434 684 526 736; x_wconf 80' lang='grc' dir='ltr'><strong><em>ταῦτα</em></strong></span> <span class='ocrx_word' id='word_1_27' title='bbox 552 674 756 753; x_wconf 75' lang='grc' dir='ltr'><strong><em>ἐφωράθησαν</em></strong></span> <span class='ocrx_word' id='word_1_28' title='bbox 783 675 818 735; x_wconf 88' lang='grc' dir='ltr'><strong><em>αί</em></strong></span> <span class='ocrx_word' id='word_1_29' title='bbox 841 685 894 754; x_wconf 89' lang='grc' dir='ltr'><strong><em>τῆς</em></strong></span> <span class='ocrx_word' id='word_1_30' title='bbox 922 674 1037 737; x_wconf 84' lang='grc' dir='ltr'><strong><em>ἐκείνου</em></strong></span> <span class='ocrx_word' id='word_1_31' title='bbox 1064 677 1204 756; x_wconf 80' lang='grc' dir='ltr'><strong><em>γοητείας</em></strong></span> 
     </span>
     <span class='ocr_line' id='line_1_6' title="bbox 156 771 1204 856; baseline 0 -22"><span class='ocrx_word' id='word_1_32' title='bbox 156 777 366 853; x_wconf 75' lang='grc' dir='ltr'><strong><em>σμαγγανεῖαι.</em></strong></span> <span class='ocrx_word' id='word_1_33' title='bbox 411 771 444 834; x_wconf 86' lang='grc' dir='ltr'><strong><em>ἐν</em></strong></span> <span class='ocrx_word' id='word_1_34' title='bbox 467 771 520 851; x_wconf 83' lang='grc' dir='ltr'><strong><em>μὲν</em></strong></span> <span class='ocrx_word' id='word_1_35' title='bbox 542 771 598 853; x_wconf 79' lang='grc' dir='ltr'><strong><em>γδιρ</em></strong></span> <span class='ocrx_word' id='word_1_36' title='bbox 622 781 657 856; x_wconf 88' lang='grc' dir='ltr'><strong><em>τῆ</em></strong></span> <span class='ocrx_word' id='word_1_37' title='bbox 679 774 803 853; x_wconf 80' lang='grc' dir='ltr'><strong><em>Περσίδι</em></strong></span> <span class='ocrx_word' id='word_1_38' title='bbox 823 773 977 854; x_wconf 78' lang='grc' dir='ltr'><strong><em>τυγχάνων</em></strong></span> <span class='ocrx_word' id='word_1_39' title='bbox 994 771 1116 852; x_wconf 79' lang='grc' dir='ltr'><strong><em>πέμψας</em></strong></span> <span class='ocrx_word' id='word_1_40' title='bbox 1136 774 1204 834; x_wconf 93' lang='grc' dir='ltr'><strong><em>δαί-</em></strong></span> 
     </span>
     <span class='ocr_line' id='line_1_7' title="bbox 184 869 1203 955; baseline 0.002 -25"><span class='ocrx_word' id='word_1_41' title='bbox 184 893 261 948; x_wconf 89' lang='grc' dir='ltr'><strong><em>μονα</em></strong></span> <span class='ocrx_word' id='word_1_42' title='bbox 288 869 363 951; x_wconf 85' lang='grc' dir='ltr'><strong><em>πρὸς</em></strong></span> <span class='ocrx_word' id='word_1_43' title='bbox 391 869 446 948; x_wconf 79' lang='grc' dir='ltr'><strong><em>τὴν</em></strong></span> <span class='ocrx_word' id='word_1_44' title='bbox 474 869 561 931; x_wconf 87' lang='grc' dir='ltr'><strong><em>δόσιν</em></strong></span> <span class='ocrx_word' id='word_1_45' title='bbox 588 870 664 950; x_wconf 87' lang='grc' dir='ltr'><strong><em>πρὸς</em></strong></span> <span class='ocrx_word' id='word_1_46' title='bbox 685 869 718 930; x_wconf 87' lang='grc' dir='ltr'><strong><em>τό</em></strong></span> <span class='ocrx_word' id='word_1_47' title='bbox 740 869 869 950; x_wconf 73' lang='grc' dir='ltr'><strong><em>ἐνεγκεῖν</em></strong></span> <span class='ocrx_word' id='word_1_48' title='bbox 892 869 971 955; x_wconf 76' lang='grc' dir='ltr'><strong><em>αὐτῷ</em></strong></span> <span class='ocrx_word' id='word_1_49' title='bbox 990 870 1106 932; x_wconf 76' lang='grc' dir='ltr'><strong><em>ἐκεῖθεν</em></strong></span> <span class='ocrx_word' id='word_1_50' title='bbox 1128 869 1203 933; x_wconf 91' lang='grc' dir='ltr'><strong><em>άπό-</em></strong></span> 
     </span>
     <span class='ocr_line' id='line_1_8' title="bbox 183 967 1205 1050; baseline 0.003 -23"><span class='ocrx_word' id='word_1_51' title='bbox 183 985 282 1050; x_wconf 89' lang='grc' dir='ltr'><strong><em>κρισιν</em></strong></span> <span class='ocrx_word' id='word_1_52' title='bbox 310 967 360 1028; x_wconf 87' lang='grc' dir='ltr'><strong><em>διὰ</em></strong></span> <span class='ocrx_word' id='word_1_53' title='bbox 383 968 503 1049; x_wconf 82' lang='grc' dir='ltr'><strong><em>τάχους,</em></strong></span> <span class='ocrx_word' id='word_1_54' title='bbox 531 968 671 1046; x_wconf 76' lang='grc' dir='ltr'><strong><em>ἐκωλύθη</em></strong></span> <span class='ocrx_word' id='word_1_55' title='bbox 699 978 751 1048; x_wconf 90' lang='grc' dir='ltr'><strong><em>τῆς</em></strong></span> <span class='ocrx_word' id='word_1_56' title='bbox 774 968 874 1050; x_wconf 86' lang='grc' dir='ltr'><strong><em>πρόσω</em></strong></span> <span class='ocrx_word' id='word_1_57' title='bbox 897 970 1017 1049; x_wconf 79' lang='grc' dir='ltr'><strong><em>πορείας</em></strong></span> <span class='ocrx_word' id='word_1_58' title='bbox 1039 968 1099 1030; x_wconf 81' lang='grc' dir='ltr'><strong><em>δπό</em></strong></span> <span class='ocrx_word' id='word_1_59' title='bbox 1122 993 1205 1041; x_wconf 90' lang='grc' dir='ltr'><strong><em>τινος</em></strong></span> 
     </span>
     <span class='ocr_line' id='line_1_9' title="bbox 183 1063 1204 1148; baseline 0.002 -23"><span class='ocrx_word' id='word_1_60' title='bbox 183 1066 363 1144; x_wconf 83' lang='grc' dir='ltr'><strong><em>μονάζοντος</em></strong></span> <span class='ocrx_word' id='word_1_61' title='bbox 390 1064 439 1126; x_wconf 79' lang='grc' dir='ltr'><strong><em>ἐπὶ</em></strong></span> <span class='ocrx_word' id='word_1_62' title='bbox 465 1063 578 1148; x_wconf 75' lang='grc' dir='ltr'><strong><em>ἡμέρας</em></strong></span> <span class='ocrx_word' id='word_1_63' title='bbox 605 1063 692 1142; x_wconf 72' lang='grc' dir='ltr'><strong><em>δέκα,</em></strong></span> <span class='ocrx_word' id='word_1_64' title='bbox 719 1065 833 1145; x_wconf 76' lang='grc' dir='ltr'><strong><em>καὶμὴ</em></strong></span> <span class='ocrx_word' id='word_1_65' title='bbox 857 1067 1023 1146; x_wconf 88' lang='grc' dir='ltr'><strong><em>δυνάμενος</em></strong></span> <span class='ocrx_word' id='word_1_66' title='bbox 1045 1065 1061 1128; x_wconf 86' lang='grc' dir='ltr'><strong><em>ό</em></strong></span> <span class='ocrx_word' id='word_1_67' title='bbox 1085 1068 1204 1146; x_wconf 87' lang='grc' dir='ltr'><strong><em>δαίμων</em></strong></span> 
     </span>
     <span class='ocr_line' id='line_1_10' title="bbox 185 1159 1204 1247; baseline 0.003 -24"><span class='ocrx_word' id='word_1_68' title='bbox 185 1164 334 1245; x_wconf 78' lang='grc' dir='ltr'><strong><em>προβῆναι</em></strong></span> <span class='ocrx_word' id='word_1_69' title='bbox 357 1165 446 1224; x_wconf 88' lang='grc' dir='ltr'><strong><em>πάλιν</em></strong></span> <span class='ocrx_word' id='word_1_70' title='bbox 469 1164 544 1244; x_wconf 89' lang='grc' dir='ltr'><strong><em>πρὸς</em></strong></span> <span class='ocrx_word' id='word_1_71' title='bbox 566 1162 619 1224; x_wconf 88' lang='grc' dir='ltr'><strong><em>τόν</em></strong></span> <span class='ocrx_word' id='word_1_72' title='bbox 639 1159 803 1225; x_wconf 88' lang='grc' dir='ltr'><strong><em>Ἰουλιανδν</em></strong></span> <span class='ocrx_word' id='word_1_73' title='bbox 823 1163 1015 1247; x_wconf 74' lang='grc' dir='ltr'><strong><em>ὑπέστρεψεν.</em></strong></span> <span class='ocrx_word' id='word_1_74' title='bbox 1060 1162 1128 1226; x_wconf 79' lang='grc' dir='ltr'><strong><em>δδὲ</em></strong></span> <span class='ocrx_word' id='word_1_75' title='bbox 1147 1165 1204 1244; x_wconf 79' lang='grc' dir='ltr'><strong><em>τῆν</em></strong></span> 
     </span>
     <span class='ocr_line' id='line_1_11' title="bbox 145 1260 1203 1347; baseline 0.002 -25"><span class='ocrx_word' id='word_1_76' title='bbox 145 1284 171 1322; x_wconf 84' lang='lat'><strong><em>10</em></strong></span> <span class='ocrx_word' id='word_1_77' title='bbox 185 1262 282 1323; x_wconf 82' lang='grc' dir='ltr'><strong><em>αἰτίαν</em></strong></span> <span class='ocrx_word' id='word_1_78' title='bbox 305 1272 358 1342; x_wconf 90' lang='grc' dir='ltr'><strong><em>τῆς</em></strong></span> <span class='ocrx_word' id='word_1_79' title='bbox 380 1264 563 1344; x_wconf 77' lang='grc' dir='ltr'><strong><em>βραδυτῆτος</em></strong></span> <span class='ocrx_word' id='word_1_80' title='bbox 585 1261 744 1344; x_wconf 78' lang='grc' dir='ltr'><strong><em>ἐρωτήσας,</em></strong></span> <span class='ocrx_word' id='word_1_81' title='bbox 766 1260 915 1344; x_wconf 75' lang='grc' dir='ltr'><strong><em>ἀπεκρίθη</em></strong></span> <span class='ocrx_word' id='word_1_82' title='bbox 938 1262 1019 1347; x_wconf 76' lang='grc' dir='ltr'><strong><em>αὐτῷ</em></strong></span> <span class='ocrx_word' id='word_1_83' title='bbox 1037 1262 1054 1325; x_wconf 89' lang='grc' dir='ltr'><strong><em>δ</em></strong></span> <span class='ocrx_word' id='word_1_84' title='bbox 1072 1264 1203 1342; x_wconf 82' lang='grc' dir='ltr'><strong><em>δαίμων·</em></strong></span> 
     </span>
     <span class='ocr_line' id='line_1_12' title="bbox 185 1357 1203 1443; baseline 0.002 -23"><span class='ocrx_word' id='word_1_85' title='bbox 185 1359 235 1421; x_wconf 85' lang='grc' dir='ltr'><strong><em>καὶ</em></strong></span> <span class='ocrx_word' id='word_1_86' title='bbox 263 1360 413 1442; x_wconf 77' lang='grc' dir='ltr'><strong><em>ἐβράδυνα</em></strong></span> <span class='ocrx_word' id='word_1_87' title='bbox 445 1359 495 1421; x_wconf 82' lang='grc' dir='ltr'><strong><em>καὶ</em></strong></span> <span class='ocrx_word' id='word_1_88' title='bbox 522 1357 672 1441; x_wconf 86' lang='grc' dir='ltr'><strong><em>άπρακτος</em></strong></span> <span class='ocrx_word' id='word_1_89' title='bbox 698 1359 880 1439; x_wconf 74' lang='grc' dir='ltr'><strong><em>ἐπανῆλθον.</em></strong></span> <span class='ocrx_word' id='word_1_90' title='bbox 930 1360 1119 1440; x_wconf 84' lang='grc' dir='ltr'><strong><em>ἐκδεχόμενος</em></strong></span> <span class='ocrx_word' id='word_1_91' title='bbox 1146 1361 1203 1443; x_wconf 83' lang='grc' dir='ltr'><strong><em>γάρ</em></strong></span> 
     </span>
     <span class='ocr_line' id='line_1_13' title="bbox 185 1458 1204 1539; baseline 0.002 -21"><span class='ocrx_word' id='word_1_92' title='bbox 185 1459 343 1520; x_wconf 84' lang='grc' dir='ltr'><strong><em>Πούπλιον</em></strong></span> <span class='ocrx_word' id='word_1_93' title='bbox 367 1459 547 1539; x_wconf 82' lang='grc' dir='ltr'><strong><em>μονάζοντα,</em></strong></span> <span class='ocrx_word' id='word_1_94' title='bbox 572 1458 603 1519; x_wconf 84' lang='grc' dir='ltr'><strong><em>εἴ</em></strong></span> <span class='ocrx_word' id='word_1_95' title='bbox 620 1479 684 1530; x_wconf 91' lang='grc' dir='ltr'><strong><em>πως</em></strong></span> <span class='ocrx_word' id='word_1_96' title='bbox 706 1458 855 1536; x_wconf 81' lang='grc' dir='ltr'><strong><em>παύσηται</em></strong></span> <span class='ocrx_word' id='word_1_97' title='bbox 876 1467 929 1538; x_wconf 89' lang='grc' dir='ltr'><strong><em>τῆς</em></strong></span> <span class='ocrx_word' id='word_1_98' title='bbox 951 1470 1129 1539; x_wconf 82' lang='grc' dir='ltr'><strong><em>προσευχῆς,</em></strong></span> <span class='ocrx_word' id='word_1_99' title='bbox 1152 1459 1204 1520; x_wconf 79' lang='grc' dir='ltr'><strong><em>καὶ</em></strong></span> 
     </span>
     <span class='ocr_line' id='line_1_14' title="bbox 186 1552 1204 1636; baseline 0.002 -20"><span class='ocrx_word' id='word_1_100' title='bbox 186 1555 226 1635; x_wconf 82' lang='grc' dir='ltr'><strong><em>μῆ</em></strong></span> <span class='ocrx_word' id='word_1_101' title='bbox 255 1555 448 1635; x_wconf 79' lang='grc' dir='ltr'><strong><em>παυσαμένου</em></strong></span> <span class='ocrx_word' id='word_1_102' title='bbox 473 1555 567 1617; x_wconf 82' lang='grc' dir='ltr'><strong><em>αὐτοῦ</em></strong></span> <span class='ocrx_word' id='word_1_103' title='bbox 590 1552 702 1635; x_wconf 72' lang='grc' dir='ltr'><strong><em>ἡμέρας</em></strong></span> <span class='ocrx_word' id='word_1_104' title='bbox 724 1553 760 1635; x_wconf 88' lang='grc' dir='ltr'><strong><em>ι’,</em></strong></span> <span class='ocrx_word' id='word_1_105' title='bbox 788 1555 945 1618; x_wconf 84' lang='grc' dir='ltr'><strong><em>διεκάλυσί</em></strong></span> <span class='ocrx_word' id='word_1_106' title='bbox 968 1580 1002 1635; x_wconf 88' lang='grc' dir='ltr'><strong><em>με</em></strong></span> <span class='ocrx_word' id='word_1_107' title='bbox 1024 1566 1147 1636; x_wconf 89' lang='grc' dir='ltr'><strong><em>ποιῆσαι</em></strong></span> <span class='ocrx_word' id='word_1_108' title='bbox 1172 1557 1204 1619; x_wconf 88' lang='grc' dir='ltr'><strong><em>τὸ</em></strong></span> 
     </span>
     <span class='ocr_line' id='line_1_15' title="bbox 86 1648 1204 1735; baseline 0.004 -23"><span class='ocrx_word' id='word_1_109' title='bbox 86 1667 126 1706; x_wconf 79' lang='lat'><strong><em>450</em></strong></span> <span class='ocrx_word' id='word_1_110' title='bbox 141 1665 172 1704; x_wconf 82' lang='lat' dir='ltr'><strong><em>M·</em></strong></span> <span class='ocrx_word' id='word_1_111' title='bbox 187 1650 305 1730; x_wconf 76' lang='grc' dir='ltr'><strong><em>θέλημά</em></strong></span> <span class='ocrx_word' id='word_1_112' title='bbox 331 1671 394 1714; x_wconf 91' lang='grc' dir='ltr'><strong><em>σου.</em></strong></span> <span class='ocrx_word' id='word_1_113' title='bbox 440 1653 490 1714; x_wconf 86' lang='grc' dir='ltr'><strong><em>καί</em></strong></span> <span class='ocrx_word' id='word_1_114' title='bbox 517 1662 602 1714; x_wconf 78' lang='grc' dir='ltr'><strong><em>τοῦτο</em></strong></span> <span class='ocrx_word' id='word_1_115' title='bbox 631 1651 762 1727; x_wconf 85' lang='grc' dir='ltr'><strong><em>άκοόσας</em></strong></span> <span class='ocrx_word' id='word_1_116' title='bbox 782 1648 940 1727; x_wconf 85' lang='grc' dir='ltr'><strong><em>Ἰουλιανός</em></strong></span> <span class='ocrx_word' id='word_1_117' title='bbox 967 1654 1018 1715; x_wconf 86' lang='grc' dir='ltr'><strong><em>καὶ</em></strong></span> <span class='ocrx_word' id='word_1_118' title='bbox 1035 1653 1204 1735; x_wconf 84' lang='grc' dir='ltr'><strong><em>ἀγανακτῆ-</em></strong></span> 
     </span>
     <span class='ocr_line' id='line_1_16' title="bbox 146 1749 1205 1834; baseline 0.005 -24"><span class='ocrx_word' id='word_1_119' title='bbox 146 1771 172 1811; x_wconf 79' lang='lat'><strong><em>15</em></strong></span> <span class='ocrx_word' id='word_1_120' title='bbox 187 1766 241 1823; x_wconf 89' lang='grc' dir='ltr'><strong><em>σας</em></strong></span> <span class='ocrx_word' id='word_1_121' title='bbox 264 1751 381 1831; x_wconf 80' lang='grc' dir='ltr'><strong><em>σφόδρα</em></strong></span> <span class='ocrx_word' id='word_1_122' title='bbox 403 1752 619 1831; x_wconf 85' lang='grc' dir='ltr'><strong><em>προσηπείλησε</em></strong></span> <span class='ocrx_word' id='word_1_123' title='bbox 642 1749 714 1829; x_wconf 83' lang='grc' dir='ltr'><strong><em>μετὰ</em></strong></span> <span class='ocrx_word' id='word_1_124' title='bbox 736 1750 792 1829; x_wconf 80' lang='grc' dir='ltr'><strong><em>τῆν</em></strong></span> <span class='ocrx_word' id='word_1_125' title='bbox 809 1750 1005 1834; x_wconf 76' lang='grc' dir='ltr'><strong><em>ὑποστροφὴν</em></strong></span> <span class='ocrx_word' id='word_1_126' title='bbox 1027 1753 1205 1834; x_wconf 83' lang='grc' dir='ltr'><strong><em>ἐξολοθρεῦ-</em></strong></span> 
     </span>
     <span class='ocr_line' id='line_1_17' title="bbox 187 1847 1204 1933; baseline 0.006 -26"><span class='ocrx_word' id='word_1_127' title='bbox 187 1864 236 1908; x_wconf 94' lang='grc' dir='ltr'><strong><em>σαι</em></strong></span> <span class='ocrx_word' id='word_1_128' title='bbox 258 1857 317 1908; x_wconf 85' lang='grc' dir='ltr'><strong><em>τῶν</em></strong></span> <span class='ocrx_word' id='word_1_129' title='bbox 341 1859 478 1929; x_wconf 81' lang='grc' dir='ltr'><strong><em>μοναχῶν</em></strong></span> <span class='ocrx_word' id='word_1_130' title='bbox 501 1848 533 1911; x_wconf 87' lang='grc' dir='ltr'><strong><em>τὸ</em></strong></span> <span class='ocrx_word' id='word_1_131' title='bbox 556 1847 650 1930; x_wconf 78' lang='grc' dir='ltr'><strong><em>γένος.</em></strong></span> <span class='ocrx_word' id='word_1_132' title='bbox 697 1849 768 1930; x_wconf 80' lang='grc' dir='ltr'><strong><em>ὅπερ</em></strong></span> <span class='ocrx_word' id='word_1_133' title='bbox 791 1851 900 1929; x_wconf 76' lang='grc' dir='ltr'><strong><em>μαθών</em></strong></span> <span class='ocrx_word' id='word_1_134' title='bbox 922 1874 965 1924; x_wconf 92' lang='grc' dir='ltr'><strong><em>τις</em></strong></span> <span class='ocrx_word' id='word_1_135' title='bbox 988 1861 1047 1912; x_wconf 85' lang='grc' dir='ltr'><strong><em>τῶν</em></strong></span> <span class='ocrx_word' id='word_1_136' title='bbox 1068 1854 1204 1933; x_wconf 73' lang='grc' dir='ltr'><strong><em>μεγιστά-</em></strong></span> 
     </span>
     <span class='ocr_line' id='line_1_18' title="bbox 187 1947 1204 2031; baseline 0.006 -25"><span class='ocrx_word' id='word_1_137' title='bbox 187 1970 248 2007; x_wconf 92' lang='grc' dir='ltr'><strong><em>νων</em></strong></span> <span class='ocrx_word' id='word_1_138' title='bbox 272 1947 365 2008; x_wconf 81' lang='grc' dir='ltr'><strong><em>αότοῦ</em></strong></span> <span class='ocrx_word' id='word_1_139' title='bbox 388 1947 438 2008; x_wconf 81' lang='grc' dir='ltr'><strong><em>καὶ</em></strong></span> <span class='ocrx_word' id='word_1_140' title='bbox 460 1949 620 2027; x_wconf 82' lang='grc' dir='ltr'><strong><em>θαυμάσας</em></strong></span> <span class='ocrx_word' id='word_1_141' title='bbox 643 1947 818 2010; x_wconf 78' lang='grc' dir='ltr'><strong><em>ἐπανελθὼν</em></strong></span> <span class='ocrx_word' id='word_1_142' title='bbox 836 1947 961 2027; x_wconf 71' lang='grc' dir='ltr'><strong><em>διένειμε</em></strong></span> <span class='ocrx_word' id='word_1_143' title='bbox 979 1949 1015 2009; x_wconf 84' lang='grc' dir='ltr'><strong><em>τὰ</em></strong></span> <span class='ocrx_word' id='word_1_144' title='bbox 1032 1948 1204 2031; x_wconf 74' lang='grc' dir='ltr'><strong><em>ὑπάρχοντα</em></strong></span> 
     </span>
     <span class='ocr_line' id='line_1_19' title="bbox 187 2044 1204 2130; baseline 0.005 -25"><span class='ocrx_word' id='word_1_145' title='bbox 187 2045 279 2108; x_wconf 77' lang='grc' dir='ltr'><strong><em>αὐτοῦ</em></strong></span> <span class='ocrx_word' id='word_1_146' title='bbox 302 2044 398 2106; x_wconf 92' lang='grc' dir='ltr'><strong><em>πάντα</em></strong></span> <span class='ocrx_word' id='word_1_147' title='bbox 421 2045 527 2124; x_wconf 81' lang='grc' dir='ltr'><strong><em>πένησι</em></strong></span> <span class='ocrx_word' id='word_1_148' title='bbox 549 2045 600 2106; x_wconf 83' lang='grc' dir='ltr'><strong><em>καί</em></strong></span> <span class='ocrx_word' id='word_1_149' title='bbox 622 2045 741 2125; x_wconf 81' lang='grc' dir='ltr'><strong><em>ἀπῆλθε</em></strong></span> <span class='ocrx_word' id='word_1_150' title='bbox 767 2045 842 2128; x_wconf 87' lang='grc' dir='ltr'><strong><em>πρὸς</em></strong></span> <span class='ocrx_word' id='word_1_151' title='bbox 864 2046 916 2108; x_wconf 85' lang='grc' dir='ltr'><strong><em>τόν</em></strong></span> <span class='ocrx_word' id='word_1_152' title='bbox 938 2046 1061 2128; x_wconf 76' lang='grc' dir='ltr'><strong><em>γέροντα</em></strong></span> <span class='ocrx_word' id='word_1_153' title='bbox 1083 2047 1133 2108; x_wconf 85' lang='grc' dir='ltr'><strong><em>καλ</em></strong></span> <span class='ocrx_word' id='word_1_154' title='bbox 1155 2072 1204 2130; x_wconf 82' lang='grc' dir='ltr'><strong><em>με-</em></strong></span> 
     </span>
     <span class='ocr_line' id='line_1_20' title="bbox 187 2142 1205 2225; baseline 0.003 -21"><span class='ocrx_word' id='word_1_155' title='bbox 187 2142 312 2223; x_wconf 89' lang='grc' dir='ltr'><strong><em>νόμενος</em></strong></span> <span class='ocrx_word' id='word_1_156' title='bbox 335 2145 462 2224; x_wconf 84' lang='grc' dir='ltr'><strong><em>μοναχὸς</em></strong></span> <span class='ocrx_word' id='word_1_157' title='bbox 486 2145 607 2223; x_wconf 89' lang='grc' dir='ltr'><strong><em>δόκιμος</em></strong></span> <span class='ocrx_word' id='word_1_158' title='bbox 629 2154 721 2206; x_wconf 78' lang='grc' dir='ltr'><strong><em>πᾶσιν</em></strong></span> <span class='ocrx_word' id='word_1_159' title='bbox 743 2145 819 2225; x_wconf 78' lang='grc' dir='ltr'><strong><em>ἔλεγε</em></strong></span> <span class='ocrx_word' id='word_1_160' title='bbox 842 2145 897 2224; x_wconf 81' lang='grc' dir='ltr'><strong><em>τὴν</em></strong></span> <span class='ocrx_word' id='word_1_161' title='bbox 920 2145 1006 2225; x_wconf 79' lang='grc' dir='ltr'><strong><em>ἰσχὺν</em></strong></span> <span class='ocrx_word' id='word_1_162' title='bbox 1028 2154 1086 2206; x_wconf 82' lang='grc' dir='ltr'><strong><em>τῶν</em></strong></span> <span class='ocrx_word' id='word_1_163' title='bbox 1110 2170 1205 2224; x_wconf 88' lang='grc' dir='ltr'><strong><em>μονα-</em></strong></span> 
     </span>
     <span class='ocr_line' id='line_1_21' title="bbox 147 2239 1131 2322; baseline 0.001 -18"><span class='ocrx_word' id='word_1_164' title='bbox 147 2264 173 2304; x_wconf 77' lang='grc' dir='ltr'><strong><em>εο</em></strong></span> <span class='ocrx_word' id='word_1_165' title='bbox 189 2242 297 2315; x_wconf 84' lang='grc' dir='ltr'><strong><em>ζόντων</em></strong></span> <span class='ocrx_word' id='word_1_166' title='bbox 321 2239 359 2320; x_wconf 75' lang='grc' dir='ltr'><strong><em>ἣν</em></strong></span> <span class='ocrx_word' id='word_1_167' title='bbox 382 2241 489 2322; x_wconf 78' lang='grc' dir='ltr'><strong><em>ἔλαβον</em></strong></span> <span class='ocrx_word' id='word_1_168' title='bbox 511 2241 585 2304; x_wconf 89' lang='grc' dir='ltr'><strong><em>κατδι</em></strong></span> <span class='ocrx_word' id='word_1_169' title='bbox 608 2251 668 2303; x_wconf 84' lang='grc' dir='ltr'><strong><em>τῶν</em></strong></span> <span class='ocrx_word' id='word_1_170' title='bbox 690 2242 949 2322; x_wconf 81' lang='grc' dir='ltr'><strong><em>σκοτεινομόρφων</em></strong></span> <span class='ocrx_word' id='word_1_171' title='bbox 971 2242 1131 2321; x_wconf 90' lang='grc' dir='ltr'><strong><em>δαιμόνων.</em></strong></span> 
     </span>
     <span class='ocr_line' id='line_1_22' title="bbox 252 2334 1203 2426; baseline 0.003 -26"><span class='ocrx_word' id='word_1_172' title='bbox 252 2334 305 2400; x_wconf 81' lang='grc' dir='ltr'><strong><em>Ἐν</em></strong></span> <span class='ocrx_word' id='word_1_173' title='bbox 328 2338 360 2400; x_wconf 80' lang='grc' dir='ltr'><strong><em>δὲ</em></strong></span> <span class='ocrx_word' id='word_1_174' title='bbox 383 2341 497 2420; x_wconf 89' lang='grc' dir='ltr'><strong><em>Κάραις</em></strong></span> <span class='ocrx_word' id='word_1_175' title='bbox 520 2349 555 2425; x_wconf 89' lang='grc' dir='ltr'><strong><em>τῆ</em></strong></span> <span class='ocrx_word' id='word_1_176' title='bbox 579 2339 660 2421; x_wconf 79' lang='grc' dir='ltr'><strong><em>παρὰ</em></strong></span> <span class='ocrx_word' id='word_1_177' title='bbox 681 2349 735 2402; x_wconf 85' lang='grc' dir='ltr'><strong><em>τοῦ</em></strong></span> <span class='ocrx_word' id='word_1_178' title='bbox 757 2341 861 2421; x_wconf 89' lang='grc' dir='ltr'><strong><em>Κάρου</em></strong></span> <span class='ocrx_word' id='word_1_179' title='bbox 883 2339 1026 2420; x_wconf 72' lang='grc' dir='ltr'><strong><em>βασιλέως</em></strong></span> <span class='ocrx_word' id='word_1_180' title='bbox 1047 2342 1203 2426; x_wconf 78' lang='grc' dir='ltr'><strong><em>κτισθείσῃ</em></strong></span> 
     </span>
     <span class='ocr_line' id='line_1_23' title="bbox 187 2436 1204 2520; baseline 0.005 -24"><span class='ocrx_word' id='word_1_181' title='bbox 187 2437 271 2498; x_wconf 88' lang='grc' dir='ltr'><strong><em>πόλει</em></strong></span> <span class='ocrx_word' id='word_1_182' title='bbox 298 2438 352 2516; x_wconf 79' lang='grc' dir='ltr'><strong><em>τὴν</em></strong></span> <span class='ocrx_word' id='word_1_183' title='bbox 380 2437 453 2518; x_wconf 89' lang='grc' dir='ltr'><strong><em>πρὸς</em></strong></span> <span class='ocrx_word' id='word_1_184' title='bbox 481 2436 599 2520; x_wconf 84' lang='grc' dir='ltr'><strong><em>Πέρσας</em></strong></span> <span class='ocrx_word' id='word_1_185' title='bbox 625 2439 804 2517; x_wconf 81' lang='grc' dir='ltr'><strong><em>ποιούμενος</em></strong></span> <span class='ocrx_word' id='word_1_186' title='bbox 834 2439 956 2520; x_wconf 88' lang='grc' dir='ltr'><strong><em>πορείαν</em></strong></span> <span class='ocrx_word' id='word_1_187' title='bbox 982 2438 1126 2500; x_wconf 78' lang='grc' dir='ltr'><strong><em>εἰσελθὼν</em></strong></span> <span class='ocrx_word' id='word_1_188' title='bbox 1153 2439 1204 2501; x_wconf 81' lang='grc' dir='ltr'><strong><em>καὶ</em></strong></span> 
     </span>
    </p>
   </div>
   <div class='ocr_carea' id='block_1_3' title="bbox 188 2626 1203 2765">
    <p class='ocr_par' dir='ltr' id='par_1_3' title="bbox 188 2626 1203 2765">
     <span class='ocr_line' id='line_1_24' title="bbox 260 2626 1203 2698; baseline 0.005 -20"><span class='ocrx_word' id='word_1_189' title='bbox 260 2632 329 2679; x_wconf 80' lang='grc'><strong><em>4-5</em></strong></span> <span class='ocrx_word' id='word_1_190' title='bbox 349 2627 383 2692; x_wconf 82' lang='lat' dir='ltr'><strong><em>ef.</em></strong></span> <span class='ocrx_word' id='word_1_191' title='bbox 399 2626 564 2681; x_wconf 75' lang='lat' dir='ltr'>Theodoret.</span> <span class='ocrx_word' id='word_1_192' title='bbox 579 2626 613 2680; x_wconf 87' lang='lat' dir='ltr'><strong><em>H.</em></strong></span> <span class='ocrx_word' id='word_1_193' title='bbox 630 2627 696 2681; x_wconf 78' lang='lat' dir='ltr'>eccl.</span> <span class='ocrx_word' id='word_1_194' title='bbox 712 2627 759 2695; x_wconf 83' lang='grc' dir='ltr'><strong><em>ΠΙ,</em></strong></span> <span class='ocrx_word' id='word_1_195' title='bbox 774 2632 817 2695; x_wconf 80' lang='lat'><strong><em>26,</em></strong></span> <span class='ocrx_word' id='word_1_196' title='bbox 834 2633 856 2680; x_wconf 94' lang='lat'><strong><em>1.</em></strong></span> <span class='ocrx_word' id='word_1_197' title='bbox 877 2659 910 2666; x_wconf 97' lang='lat'>-</span> <span class='ocrx_word' id='word_1_198' title='bbox 935 2633 1039 2697; x_wconf 69' lang='lat'>21-9.</span> <span class='ocrx_word' id='word_1_199' title='bbox 1056 2632 1147 2694; x_wconf 75' lang='lat'>547,9</span> <span class='ocrx_word' id='word_1_200' title='bbox 1167 2631 1203 2698; x_wconf 84' lang='lat' dir='ltr'><strong><em>cf.</em></strong></span> 
     </span>
     <span class='ocr_line' id='line_1_25' title="bbox 188 2696 667 2765; baseline 0.004 -15"><span class='ocrx_word' id='word_1_201' title='bbox 188 2697 354 2751; x_wconf 75' lang='lat' dir='ltr'>Theodoret.</span> <span class='ocrx_word' id='word_1_202' title='bbox 370 2696 403 2750; x_wconf 93' lang='lat' dir='ltr'><strong><em>H.</em></strong></span> <span class='ocrx_word' id='word_1_203' title='bbox 419 2697 485 2751; x_wconf 80' lang='lat' dir='ltr'>eccl.</span> <span class='ocrx_word' id='word_1_204' title='bbox 501 2697 609 2765; x_wconf 78' lang='lat'><strong>111‚26;</strong></span> <span class='ocrx_word' id='word_1_205' title='bbox 625 2704 667 2752; x_wconf 80' lang='lat'><strong><em>27.</em></strong></span> 
     </span>
    </p>
   </div>
   <div class='ocr_carea' id='block_1_4' title="bbox 83 2865 1204 3293">
    <p class='ocr_par' dir='ltr' id='par_1_4' title="bbox 259 2865 1204 2939">
     <span class='ocr_line' id='line_1_26' title="bbox 259 2865 1204 2939; baseline 0.004 -19"><span class='ocrx_word' id='word_1_206' title='bbox 259 2865 497 2936; x_wconf 66' lang='grc' dir='ltr'><strong><em>καταπιόμενον</em></strong></span> <span class='ocrx_word' id='word_1_207' title='bbox 522 2868 571 2921; x_wconf 84' lang='grc' dir='ltr'><strong><em>καλ</em></strong></span> <span class='ocrx_word' id='word_1_208' title='bbox 594 2866 842 2939; x_wconf 83' lang='grc' dir='ltr'><strong><em>διναβρασσόμενον</em></strong></span> <span class='ocrx_word' id='word_1_209' title='bbox 861 2866 977 2938; x_wconf 81' lang='lat' dir='ltr'>VGreg.</span> <span class='ocrx_word' id='word_1_210' title='bbox 998 2900 1031 2908; x_wconf 90' lang='lat'><em>-</em></span> <span class='ocrx_word' id='word_1_211' title='bbox 1055 2873 1106 2921; x_wconf 80' lang='grc'><strong><em>6.7</em></strong></span> <span class='ocrx_word' id='word_1_212' title='bbox 1131 2867 1204 2924; x_wconf 81' lang='grc' dir='ltr'><strong><em>ἀπό-</em></strong></span> 
     </span>
    </p>

    <p class='ocr_par' dir='ltr' id='par_1_5' title="bbox 188 2938 1202 3009">
     <span class='ocr_line' id='line_1_27' title="bbox 188 2938 1202 3009; baseline 0.002 -18"><span class='ocrx_word' id='word_1_213' title='bbox 188 2956 280 3006; x_wconf 83' lang='grc' dir='ltr'><strong><em>κρισιν</em></strong></span> <span class='ocrx_word' id='word_1_214' title='bbox 299 2938 347 2993; x_wconf 81' lang='grc' dir='ltr'><strong><em>διὰ</em></strong></span> <span class='ocrx_word' id='word_1_215' title='bbox 365 2938 467 3009; x_wconf 76' lang='grc' dir='ltr'><strong><em>τάχους</em></strong></span> <span class='ocrx_word' id='word_1_216' title='bbox 482 2939 592 2993; x_wconf 71' lang='grc' dir='ltr'><strong><em>ἐκειθεν</em></strong></span> <span class='ocrx_word' id='word_1_217' title='bbox 606 2938 641 2991; x_wconf 88' lang='lat' dir='ltr'><strong><em>N.</em></strong></span> <span class='ocrx_word' id='word_1_218' title='bbox 657 2970 691 2978; x_wconf 89' lang='lat'><em>-</em></span> <span class='ocrx_word' id='word_1_219' title='bbox 710 2943 726 2992; x_wconf 88' lang='lat'>8</span> <span class='ocrx_word' id='word_1_220' title='bbox 746 2939 792 2994; x_wconf 78' lang='grc' dir='ltr'><strong><em>ἐπὶ</em></strong></span> <span class='ocrx_word' id='word_1_221' title='bbox 811 2956 861 2994; x_wconf 88' lang='lat' dir='ltr'><strong><em>om.</em></strong></span> <span class='ocrx_word' id='word_1_222' title='bbox 876 2938 941 2992; x_wconf 86' lang='grc' dir='ltr'><strong><em>ΒΜ.</em></strong></span> <span class='ocrx_word' id='word_1_223' title='bbox 958 2970 991 2978; x_wconf 89' lang='grc'>-</span> <span class='ocrx_word' id='word_1_224' title='bbox 1011 2945 1044 2992; x_wconf 88' lang='grc'><strong><em>10</em></strong></span> <span class='ocrx_word' id='word_1_225' title='bbox 1062 2940 1139 2993; x_wconf 71' lang='grc' dir='ltr'><strong><em>αὐτῶ</em></strong></span> <span class='ocrx_word' id='word_1_226' title='bbox 1151 2958 1202 2995; x_wconf 83' lang='lat' dir='ltr'><strong><em>om.</em></strong></span> 
     </span>
    </p>

    <p class='ocr_par' dir='ltr' id='par_1_6' title="bbox 187 2993 1203 3082">
     <span class='ocr_line' id='line_1_28' title="bbox 187 2993 1203 3082; baseline 0.002 -20"><span class='ocrx_word' id='word_1_227' title='bbox 187 3010 243 3063; x_wconf 81' lang='lat' dir='ltr'><strong><em>FR.</em></strong></span> <span class='ocrx_word' id='word_1_228' title='bbox 263 3042 296 3050; x_wconf 91' lang='lat'><em>-</em></span> <span class='ocrx_word' id='word_1_229' title='bbox 328 3017 360 3063; x_wconf 81' lang='lat'><strong><em>12</em></strong></span> <span class='ocrx_word' id='word_1_230' title='bbox 383 3010 521 3064; x_wconf 79' lang='grc' dir='ltr'><strong><em>παύσεται</em></strong></span> <span class='ocrx_word' id='word_1_231' title='bbox 543 3009 599 3064; x_wconf 85' lang='lat' dir='ltr'><strong><em>BV.</em></strong></span> <span class='ocrx_word' id='word_1_232' title='bbox 623 3041 658 3049; x_wconf 95' lang='lat'>—</span> <span class='ocrx_word' id='word_1_233' title='bbox 686 3015 718 3063; x_wconf 85' lang='grc'><strong><em>16</em></strong></span> <span class='ocrx_word' id='word_1_234' title='bbox 742 3009 773 3064; x_wconf 89' lang='grc' dir='ltr'><strong><em>τδ</em></strong></span> <span class='ocrx_word' id='word_1_235' title='bbox 796 3019 852 3064; x_wconf 84' lang='grc' dir='ltr'><strong><em>τῶν</em></strong></span> <span class='ocrx_word' id='word_1_236' title='bbox 875 3019 1006 3082; x_wconf 77' lang='grc' dir='ltr'><strong><em>μοναχῶν</em></strong></span> <span class='ocrx_word' id='word_1_237' title='bbox 1028 2993 1148 3080; x_wconf 73' lang='grc' dir='ltr'><strong><em>γένοςἙ</em></strong></span> <span class='ocrx_word' id='word_1_238' title='bbox 1171 3012 1203 3064; x_wconf 90' lang='grc' dir='ltr'><strong><em>τὸ</em></strong></span> 
     </span>
    </p>

    <p class='ocr_par' dir='ltr' id='par_1_7' title="bbox 83 3078 1203 3155">
     <span class='ocr_line' id='line_1_29' title="bbox 83 3078 1203 3155; baseline 0.002 -21"><span class='ocrx_word' id='word_1_239' title='bbox 83 3142 87 3153; x_wconf 44' lang='grc' dir='ltr'><strong><em>Ι</em></strong></span> <span class='ocrx_word' id='word_1_240' title='bbox 189 3078 269 3150; x_wconf 75' lang='grc' dir='ltr'><strong><em>γένος</em></strong></span> <span class='ocrx_word' id='word_1_241' title='bbox 282 3090 338 3136; x_wconf 82' lang='grc' dir='ltr'><strong><em>τῶν</em></strong></span> <span class='ocrx_word' id='word_1_242' title='bbox 352 3090 482 3151; x_wconf 77' lang='grc' dir='ltr'><strong><em>μοναχῶν</em></strong></span> <span class='ocrx_word' id='word_1_243' title='bbox 497 3082 526 3134; x_wconf 86' lang='lat' dir='ltr'><strong><em>L.</em></strong></span> <span class='ocrx_word' id='word_1_244' title='bbox 541 3113 577 3120; x_wconf 97' lang='lat'>-</span> <span class='ocrx_word' id='word_1_245' title='bbox 596 3086 629 3134; x_wconf 86' lang='lat'><strong><em>18</em></strong></span> <span class='ocrx_word' id='word_1_246' title='bbox 649 3081 725 3155; x_wconf 78' lang='grc' dir='ltr'><strong><em>αὐτῷ</em></strong></span> <span class='ocrx_word' id='word_1_247' title='bbox 738 3080 797 3134; x_wconf 83' lang='lat' dir='ltr'><strong><em>BL.</em></strong></span> <span class='ocrx_word' id='word_1_248' title='bbox 813 3112 846 3120; x_wconf 94' lang='lat'><em>—</em></span> <span class='ocrx_word' id='word_1_249' title='bbox 866 3081 959 3136; x_wconf 90' lang='grc' dir='ltr'><strong><em>πάντα</em></strong></span> <span class='ocrx_word' id='word_1_250' title='bbox 977 3098 1027 3136; x_wconf 90' lang='lat' dir='ltr'><strong><em>om.</em></strong></span> <span class='ocrx_word' id='word_1_251' title='bbox 1042 3081 1152 3136; x_wconf 83' lang='lat' dir='ltr'><strong>ABLN.</strong></span> <span class='ocrx_word' id='word_1_252' title='bbox 1169 3115 1203 3123; x_wconf 98' lang='lat'>—</span> 
     </span>
    </p>

    <p class='ocr_par' dir='ltr' id='par_1_8' title="bbox 189 3150 1204 3293">
     <span class='ocr_line' id='line_1_30' title="bbox 189 3150 1204 3222; baseline 0.003 -18"><span class='ocrx_word' id='word_1_253' title='bbox 189 3157 222 3204; x_wconf 83' lang='lat'><strong><em>19</em></strong></span> <span class='ocrx_word' id='word_1_254' title='bbox 246 3153 367 3222; x_wconf 83' lang='grc' dir='ltr'><strong><em>μοναχδς</em></strong></span> <span class='ocrx_word' id='word_1_255' title='bbox 394 3151 508 3221; x_wconf 81' lang='grc' dir='ltr'><strong><em>δόκιμος</em></strong></span> <span class='ocrx_word' id='word_1_256' title='bbox 528 3151 603 3206; x_wconf 90' lang='grc' dir='ltr'><strong><em>ΑΒΡ</em></strong></span> <span class='ocrx_word' id='word_1_257' title='bbox 631 3150 746 3222; x_wconf 88' lang='grc' dir='ltr'><strong><em>δόκιμος</em></strong></span> <span class='ocrx_word' id='word_1_258' title='bbox 768 3153 891 3222; x_wconf 83' lang='grc' dir='ltr'><strong><em>μοναχδς</em></strong></span> <span class='ocrx_word' id='word_1_259' title='bbox 915 3152 976 3206; x_wconf 81' lang='lat' dir='ltr'>rell.</span> <span class='ocrx_word' id='word_1_260' title='bbox 1000 3184 1035 3192; x_wconf 95' lang='lat'><em>-</em></span> <span class='ocrx_word' id='word_1_261' title='bbox 1063 3159 1096 3206; x_wconf 81' lang='lat'><strong><em>21</em></strong></span> <span class='ocrx_word' id='word_1_262' title='bbox 1119 3153 1204 3221; x_wconf 84' lang='grc' dir='ltr'><strong><em>κάρες</em></strong></span> 
     </span>
     <span class='ocr_line' id='line_1_31' title="bbox 189 3221 1068 3293; baseline 0.001 -17"><span class='ocrx_word' id='word_1_263' title='bbox 189 3221 277 3276; x_wconf 81' lang='lat' dir='ltr'><strong>ONP.</strong></span> <span class='ocrx_word' id='word_1_264' title='bbox 298 3255 331 3262; x_wconf 96' lang='lat'>—</span> <span class='ocrx_word' id='word_1_265' title='bbox 350 3231 400 3277; x_wconf 83' lang='grc' dir='ltr'><strong><em>τοῦ</em></strong></span> <span class='ocrx_word' id='word_1_266' title='bbox 420 3231 482 3278; x_wconf 74' lang='lat' dir='ltr'><em>ante</em></span> <span class='ocrx_word' id='word_1_267' title='bbox 501 3223 598 3291; x_wconf 86' lang='grc' dir='ltr'><strong><em>Κάρου</em></strong></span> <span class='ocrx_word' id='word_1_268' title='bbox 618 3240 668 3278; x_wconf 83' lang='grc' dir='ltr'><strong><em>σοι.</em></strong></span> <span class='ocrx_word' id='word_1_269' title='bbox 683 3223 758 3277; x_wconf 79' lang='lat' dir='ltr'><strong><em>ABL</em></strong></span> <span class='ocrx_word' id='word_1_270' title='bbox 771 3231 838 3293; x_wconf 69' lang='lat' dir='ltr'><strong><em>post</em></strong></span> <span class='ocrx_word' id='word_1_271' title='bbox 855 3222 952 3292; x_wconf 88' lang='grc' dir='ltr'><strong><em>Κάρου</em></strong></span> <span class='ocrx_word' id='word_1_272' title='bbox 971 3225 1023 3278; x_wconf 74' lang='lat' dir='ltr'><strong><em>ins,</em></strong></span> <span class='ocrx_word' id='word_1_273' title='bbox 1037 3223 1068 3277; x_wconf 91' lang='grc' dir='ltr'><strong><em>Β.</em></strong></span> 
     </span>
    </p>
   </div>
   <div class='ocr_carea' id='block_1_5' title="bbox 189 3399 1203 3681">
    <p class='ocr_par' dir='ltr' id='par_1_9' title="bbox 189 3399 1203 3681">
     <span class='ocr_line' id='line_1_32' title="bbox 261 3399 1203 3470; baseline 0.005 -19"><span class='ocrx_word' id='word_1_274' title='bbox 261 3405 277 3452; x_wconf 86' lang='grc'><strong>6</strong></span> <span class='ocrx_word' id='word_1_275' title='bbox 292 3399 374 3452; x_wconf 82' lang='grc' dir='ltr'><strong><em>δόσιν</em></strong></span> <span class='ocrx_word' id='word_1_276' title='bbox 388 3400 498 3454; x_wconf 80' lang='grc' dir='ltr'><strong><em>ἐκεῖθεν</em></strong></span> <span class='ocrx_word' id='word_1_277' title='bbox 513 3399 662 3468; x_wconf 84' lang='grc' dir='ltr'><strong><em>ἀπόκρισιν</em></strong></span> <span class='ocrx_word' id='word_1_278' title='bbox 677 3402 800 3470; x_wconf 78' lang='grc' dir='ltr'><strong><em>ἐνεγκεῖν</em></strong></span> <span class='ocrx_word' id='word_1_279' title='bbox 813 3403 888 3456; x_wconf 77' lang='grc' dir='ltr'><strong><em>αὐτῶ</em></strong></span> <span class='ocrx_word' id='word_1_280' title='bbox 898 3401 948 3457; x_wconf 83' lang='grc' dir='ltr'><strong><em>διά</em></strong></span> <span class='ocrx_word' id='word_1_281' title='bbox 957 3402 986 3456; x_wconf 90' lang='grc' dir='ltr'><strong><em>Ρ.</em></strong></span> <span class='ocrx_word' id='word_1_282' title='bbox 998 3433 1033 3442; x_wconf 92' lang='lat'><em>-</em></span> <span class='ocrx_word' id='word_1_283' title='bbox 1044 3407 1085 3455; x_wconf 89' lang='grc'><strong><em>10.</em></strong></span> <span class='ocrx_word' id='word_1_284' title='bbox 1093 3408 1124 3455; x_wconf 95' lang='grc'><strong><em>11</em></strong></span> <span class='ocrx_word' id='word_1_285' title='bbox 1136 3402 1203 3470; x_wconf 84' lang='grc' dir='ltr'><strong><em>ἐρω-</em></strong></span> 
     </span>
     <span class='ocr_line' id='line_1_33' title="bbox 189 3467 1201 3542; baseline 0.003 -19"><span class='ocrx_word' id='word_1_286' title='bbox 189 3467 276 3536; x_wconf 84' lang='grc' dir='ltr'><strong><em>τήσας</em></strong></span> <span class='ocrx_word' id='word_1_287' title='bbox 290 3469 356 3536; x_wconf 83' lang='grc' dir='ltr'><strong><em>ἔφη’</em></strong></span> <span class='ocrx_word' id='word_1_288' title='bbox 372 3471 420 3523; x_wconf 81' lang='grc' dir='ltr'><strong><em>καί</em></strong></span> <span class='ocrx_word' id='word_1_289' title='bbox 434 3471 576 3541; x_wconf 80' lang='grc' dir='ltr'><strong><em>ἐβράδυνα</em></strong></span> <span class='ocrx_word' id='word_1_290' title='bbox 590 3472 619 3524; x_wconf 94' lang='lat' dir='ltr'><strong><em>P.</em></strong></span> <span class='ocrx_word' id='word_1_291' title='bbox 631 3503 665 3511; x_wconf 97' lang='lat'>—</span> <span class='ocrx_word' id='word_1_292' title='bbox 677 3477 718 3524; x_wconf 77' lang='lat'><strong><em>12.</em></strong></span> <span class='ocrx_word' id='word_1_293' title='bbox 730 3478 764 3526; x_wconf 85' lang='grc'><strong><em>13</em></strong></span> <span class='ocrx_word' id='word_1_294' title='bbox 778 3474 827 3525; x_wconf 82' lang='grc' dir='ltr'><strong><em>καί</em></strong></span> <span class='ocrx_word' id='word_1_295' title='bbox 841 3473 878 3542; x_wconf 78' lang='grc' dir='ltr'><strong><em>μὴ</em></strong></span> <span class='ocrx_word' id='word_1_296' title='bbox 892 3473 1071 3542; x_wconf 78' lang='grc' dir='ltr'><strong><em>παυσάμενος</em></strong></span> <span class='ocrx_word' id='word_1_297' title='bbox 1083 3472 1129 3542; x_wconf 75' lang='grc' dir='ltr'><strong><em>ῆμ.</em></strong></span> <span class='ocrx_word' id='word_1_298' title='bbox 1144 3471 1161 3526; x_wconf 82' lang='grc' dir='ltr'><strong><em>ι’</em></strong></span> <span class='ocrx_word' id='word_1_299' title='bbox 1173 3473 1201 3527; x_wconf 91' lang='grc' dir='ltr'><strong><em>Ρ.</em></strong></span> 
     </span>
     <span class='ocr_line' id='line_1_34' title="bbox 192 3540 1203 3614; baseline 0.006 -22"><span class='ocrx_word' id='word_1_300' title='bbox 192 3572 226 3579; x_wconf 99' lang='grc'>-</span> <span class='ocrx_word' id='word_1_301' title='bbox 246 3545 279 3592; x_wconf 83' lang='grc'><strong><em>19</em></strong></span> <span class='ocrx_word' id='word_1_302' title='bbox 299 3540 372 3608; x_wconf 75' lang='grc' dir='ltr'><strong><em>ἔλεγε</em></strong></span> <span class='ocrx_word' id='word_1_303' title='bbox 391 3549 460 3593; x_wconf 83' lang='grc' dir='ltr'><strong><em>πᾶσι</em></strong></span> <span class='ocrx_word' id='word_1_304' title='bbox 477 3541 528 3608; x_wconf 81' lang='grc' dir='ltr'><strong><em>τὴν</em></strong></span> <span class='ocrx_word' id='word_1_305' title='bbox 545 3541 616 3596; x_wconf 85' lang='grc' dir='ltr'><strong><em>κατά</em></strong></span> <span class='ocrx_word' id='word_1_306' title='bbox 630 3551 686 3597; x_wconf 85' lang='grc' dir='ltr'><strong><em>τῶν</em></strong></span> <span class='ocrx_word' id='word_1_307' title='bbox 701 3542 844 3613; x_wconf 88' lang='grc' dir='ltr'><strong><em>δαιμόνων</em></strong></span> <span class='ocrx_word' id='word_1_308' title='bbox 863 3544 943 3614; x_wconf 81' lang='grc' dir='ltr'><strong><em>ίσχδν</em></strong></span> <span class='ocrx_word' id='word_1_309' title='bbox 956 3553 1012 3598; x_wconf 82' lang='grc' dir='ltr'><strong><em>τῶν</em></strong></span> <span class='ocrx_word' id='word_1_310' title='bbox 1026 3542 1203 3613; x_wconf 80' lang='grc' dir='ltr'><strong><em>μοναζόντων</em></strong></span> 
     </span>
     <span class='ocr_line' id='line_1_35' title="bbox 191 3609 559 3681; baseline 0.003 -17"><span class='ocrx_word' id='word_1_311' title='bbox 191 3613 252 3681; x_wconf 83' lang='lat' dir='ltr'><em>(om.</em></span> <span class='ocrx_word' id='word_1_312' title='bbox 267 3609 303 3679; x_wconf 81' lang='grc' dir='ltr'><strong><em>ἣν</em></strong></span> <span class='ocrx_word' id='word_1_313' title='bbox 313 3642 348 3649; x_wconf 96' lang='grc'>-</span> <span class='ocrx_word' id='word_1_314' title='bbox 358 3609 510 3680; x_wconf 85' lang='grc' dir='ltr'><strong><em>δαιμόνων)</em></strong></span> <span class='ocrx_word' id='word_1_315' title='bbox 530 3611 559 3665; x_wconf 94' lang='grc' dir='ltr'><strong><em>Ρ.</em></strong></span> 
     </span>
    </p>
   </div>
   <div class='ocr_carea' id='block_1_6' title="bbox 0 0 1314 3909">
    <p class='ocr_par' dir='ltr' id='par_1_10' title="bbox 0 0 1314 3909">
     <span class='ocr_line' id='line_1_36' title="bbox 0 0 1314 3909; baseline 0 0"><span class='ocrx_word' id='word_1_316' title='bbox 0 0 1314 3909; x_wconf 95' lang='lat' dir='ltr'><strong><em> </em></strong></span> 
     </span>
    </p>
   </div>
  </div>
 </body>
</html>
