2617 3909
197 221 263 287 456
512 224 698 276 ΓΕΩΡΓΙΟΤ
716 224 899 276 ΜΟΝΑΧΟΤ

264 372 339 453 Περὶ
362 365 399 433 ού
422 370 472 433 καὶ
495 369 511 432 ὁ
534 370 624 452 μέγας
638 365 819 450 Ἐπιφάνιος
840 371 874 433 ἐν
895 377 957 445 τοῖς
976 373 1143 453 Παναρίοις
1166 372 1211 433 λέ-

197 488 253 552 γει·
281 480 334 533 τοῦ
362 468 416 549 μὲν
436 464 613 551 Ἀμβροσίον
636 469 672 531 τὰ
693 469 768 549 πρὸς
790 470 903 551 τροφὰς
925 470 1004 554 αύτῷ
1023 493 1052 531 τε
1075 470 1129 532 καί
1149 478 1210 545 τοῖς

198 568 378 652 όξυγράφοις
400 567 450 629 καὶ
473 573 535 641 τοῖς
552 566 750 649 ὑπηρετοῦσιν
768 568 967 651 ἐπαρκοῦντας
985 569 1095 657 χάρτην
1113 593 1143 631 τε
1161 568 1211 630 καί

197 666 284 729 τάλλα
306 676 365 727 τῶν
388 665 597 747 ἀναλωμάτων,
620 675 673 727 τοῦ
697 664 728 727 δέ
744 661 915 748 Ὠριγένους
932 666 964 728 έν
983 689 1012 728 τε
1032 666 1209 748 ἀγρυπνίαις

171 765 247 827 ικαὶ
269 766 399 848 πολιτεία
421 763 644 848 ὑπερβαλλούσῃ
668 763 718 825 καὶ
741 771 829 849 σχολῇ
853 766 973 848 μεγίστη
996 764 1048 826 τὸν
1068 764 1209 846 περὶτῆς

197 872 315 945 γραφῆς
346 862 521 935 διανύοντος
553 863 699 940 κάματον,
731 862 781 923 καὶ
812 873 912 923 πᾶσαν
940 863 996 942 τήν
1023 862 1208 943 καλουμένην
1287 873 1288 924 λ

197 971 256 1022 τῶν
288 960 419 1035 ἕξαπλῶν
451 961 651 1041 πραγματείαν
682 958 733 1020 καί
759 969 819 1021 τῶν
850 965 962 1022 λοιπῶν
989 960 1006 1023 ὃ
1034 959 1112 1042 ἀνήρ
1140 961 1208 1039 μετὰ

197 1059 329 1137 καμάτου
361 1061 579 1137 πεφιλοτίμητο.
625 1056 662 1119 ού
695 1059 789 1137 μόνον
819 1058 875 1140 γὰρ
906 1057 958 1131 τὰς
988 1058 1152 1138 ἐπισήμους
1179 1056 1207 1120 δ’

196 1156 325 1231 ἐκδόσεις
356 1157 430 1217 κατὰ
462 1155 568 1218 ταύτὸν
600 1157 782 1237 συνήγαγεν,
814 1155 887 1217 ἀλλὰ
913 1156 963 1218 καί
990 1156 1075 1218 πέντε
1102 1157 1154 1219 καὶ
1175 1159 1207 1230 i}
1288 1147 1289 1162 ί

157 1276 183 1316 ιο
196 1254 269 1316 κατὰ
300 1254 370 1328 τούς
400 1256 526 1336 χρόνους
557 1255 681 1327 τούτους
712 1254 745 1316 έν
766 1248 874 1339 Ἱεριχῷ
902 1253 1064 1336 περιτυχὼν
1093 1254 1126 1316 ἐν
1153 1279 1207 1317 τινι

196 1355 278 1438 πίθιμ
311 1355 430 1427 ταύταις
457 1352 620 1427 συνέταξεν.
667 1351 715 1414 ἐπὶ
741 1351 849 1413 ταύτὸν
876 1344 932 1413 ούν
959 1352 1055 1425 πάσας
1079 1371 1206 1434 συναγα-

195 1453 271 1534 γών,
299 1451 402 1513 διελὼν
426 1450 457 1513 δέ
480 1450 530 1512 καὶ
553 1448 766 1531 ἀντιπαραθεὶς
787 1447 925 1528 ἀλλήλαις
949 1450 1019 1529 μετὰ
1042 1450 1092 1512 καὶ
1116 1450 1206 1530 αύτής

196 1560 248 1629 τῆς
265 1545 414 1630 Ἑβραίων
438 1550 622 1629 σημειώσεως
644 1548 680 1609 τὰ
702 1558 761 1609 τῶν
788 1546 952 1629 λεγομένων
975 1547 1108 1621 έξαπλῶν
1131 1548 1206 1609 ἀντι·
1289 1539 1290 1550 ’

195 1648 320 1729 γράφων
343 1647 464 1725 εύφνῶς
483 1647 561 1725 μάλα
578 1645 628 1707 καί
646 1646 849 1726 ἐπιστημόνως
866 1645 899 1707 ἐκ
916 1648 1108 1728 πολυπειρίας
1126 1670 1206 1708 κατε-

157 1766 182 1806 ιι
197 1746 345 1805 σκεύασον.
390 1738 453 1805 ἀλλ’
474 1744 531 1807 ούκ
552 1745 594 1818 είς
616 1743 697 1817 τέλος
719 1742 861 1823 άσβεστον
882 1743 1024 1806 αὐτοῦτὸ
1043 1743 1128 1819 κλέος
1150 1744 1205 1807 διέ-

197 1865 302 1921 μεινεν.
339 1841 506 1922 συμβέβηκε
528 1841 584 1924 γάρ
603 1841 682 1926 αύτῷ
700 1842 733 1903 τὸ
752 1851 804 1922 τῆς
822 1843 1012 1923 πολυπειρίας
1030 1843 1206 1924 δραστήριον

195 1950 299 2019 πτῶμα
326 1940 469 2021 ἐξαίσιον,
500 1940 550 2002 καλ
583 1939 682 2020 μέντοι
710 1940 875 2002 σκάνδαλον
903 1944 1022 2013 πολλοῖς
1050 1940 1100 2001 καὶ
1127 1940 1207 2003 άπα-

195 2040 273 2112 λείας
300 2038 440 2121 πρόξενος
466 2037 593 2121 γέγονεν.
640 2037 820 2118 βουλόμενος
846 2038 901 2120 γάρ
926 2035 1019 2116 μηδὲν
1042 2038 1127 2100 ἐᾶσαι
1149 2050 1208 2100 τῶν

195 2140 288 2199 θείων
306 2146 430 2219 γραφῶν
448 2136 667 2217 άνερμήνευτον
685 2136 728 2210 ει’ς
745 2135 903 2217 ἐπαγωγήν
916 2135 1022 2199 ἐαυτὸν
1037 2135 1208 2217 περιέβαλεν

156 2256 181 2295 εο
195 2233 337 2318 ἁμαρτίας
363 2234 413 2297 καὶ
440 2236 594 2314 θανάσιμα
621 2234 782 2315 ἐξηγήσατο
810 2234 934 2315 ῥήματα.
979 2233 1008 2307 ἐξ
1037 2235 1130 2297 αὐτοῦ
1152 2235 1208 2316 γὰρ

194 2333 244 2395 καὶ
264 2332 378 2414 ’Ἀρειος
405 2332 456 2406 τὰς
484 2332 622 2414 άφορμίις
649 2333 753 2410 είληφε
780 2330 830 2392 καλ
857 2333 890 2394 οί
913 2333 1043 2413 καθεξῆς
1070 2330 1211 2412 ἀνόμοιοί

194 2454 223 2492 τε
255 2430 305 2491 καλ
336 2430 451 2493 ἀνόσιοι
477 2430 527 2491 καί
554 2432 586 2492 oi
610 2430 708 2492 λοιποὶ
737 2429 853 2502 πάντες.
902 2430 1010 2508 φάσκει
1036 2430 1092 2510 γὰρ
1119 2424 1209 2503 οὗτος

266 2581 335 2628 1-8
353 2575 529 2643 Epiphanius
548 2574 630 2629 Ηοοε.
645 2574 684 2641 11,
699 2579 746 2642 64,
761 2581 785 2628 3.
805 2606 841 2614 -
859 2579 946 2628 8-15
965 2576 1000 2643 ef.
1017 2574 1117 2628 Euseb.
1132 2575 1206 2629 Hist.

195 2647 261 2773 {ciij
271 2646 318 2771 ii,
328 2651 425 2771 61484-
441 2651 544 2700 15-20
558 2645 735 2715 Epiphanius
749 2645 831 2699 Ηαοε.
842 2645 876 2713 Π,
886 2652 929 2713 64,
939 2652 963 2699 3.
979 2678 1013 2685 -
1028 2651 1101 2698 10-
1104 2664 1127 2715 p
1145 2653 1207 2714 457,

260 2761 264 2772 .
307 2762 313 2787 ,
364 2760 369 2783 ,
405 2760 410 2770 .

266 2841 350 2906 inis
368 2841 481 2908 πρὸςΒ
504 2840 554 2903 τὰς
571 2845 630 2909 (om.
651 2842 731 2910 πρὸς)
751 2841 779 2895 C.
799 2873 833 2881 —-
857 2847 872 2894 3
892 2840 1075 2909 ἐξαρκοῦντος
1092 2842 1149 2895 AB.
1171 2874 1207 2881 -

194 2913 422 2986 ύύκερβαλούοη
445 2912 505 2966 BD.
530 2945 565 2952 —
589 2917 604 2965 9
623 2910 686 2967 κατ’
707 2913 794 2967 αὐτὸν
813 2911 897 2966 GMV
924 2909 986 2967 κατ’
1003 2913 1073 2968 αύτὸ
1091 2912 1146 2966 FR.
1171 2945 1206 2953 —

196 2992 227 3040 11
247 2986 361 3047 ιαιιαις
374 2968 449 3037 Am>
471 2984 575 3045 ιαιιας
588 2984 660 3037 νιν
682 2994 770 3038 ταῦτα
785 2983 896 3038 οιτον.
913 3016 946 3025 -
964 2992 1061 3038 πᾶσαν
1074 2984 1155 3038 τοι.
1170 3017 1206 3023 -

196 3062 228 3111 18
250 3054 388 3124 πρόξενον
411 3055 525 3110 LMRV.
550 3087 585 3095 —
610 3054 698 3124 μηδὲν
721 3057 804 3111 ἐᾶσαι
825 3064 881 3111 τῶν
903 3053 993 3110 θείων
1015 3064 1134 3125 γραφῶν
1157 3055 1207 3108 AB

193 3136 249 3181 τῶν
266 3133 296 3181 θ.
312 3134 429 3196 γραφῶν
447 3128 536 3196 μηδὲν
552 3127 632 3181 έολσαι
646 3127 711 3181 Exc.
736 3127 823 3195 μηδὲν
841 3135 890 3197 τῆς
902 3124 985 3188 θείας
999 3133 1110 3197 γραφῆς
1124 3127 1206 3181 ἐᾶσαι

193 3198 252 3253 rell.
272 3200 369 3269 (μηδὲν
387 3207 442 3252 τῶν
460 3203 490 3253 θ.
506 3206 623 3268 γραφῶν
643 3198 723 3252 ἐᾶσαι
741 3198 863 3267 Epiph.).
879 3229 913 3238 -
932 3204 965 3251 20
984 3197 1038 3267 γάρ
1056 3214 1107 3253 σοι.
1122 3198 1154 3250 R.
1172 3230 1205 3237 —

195 3275 227 3324 21
247 3273 295 3323 καλ
313 3277 377 3325 ante
390 3266 496 3337 ’Ἄρειος
513 3286 563 3324 om.
578 3268 612 3323 N.
629 3301 662 3308 —
682 3270 779 3341 ἔλαβεν
793 3269 818 3321 A
836 3286 886 3324 om.
902 3270 934 3322 B.
949 3302 983 3309 -
1002 3270 1053 3323 καί
1070 3268 1098 3323 ολ
1115 3271 1205 3323 καθε-

194 3342 285 3409 ξῆς-
296 3347 329 3395 22
348 3342 452 3403 πάντες
469 3358 519 3396 om.
535 3340 569 3393 N.

265 3471 279 3518 1
300 3464 330 3520 ἐν
348 3474 407 3530 τοῖς
424 3463 575 3533 καναρίοις
592 3481 643 3520 om.
658 3464 687 3516 Ρ.
703 3496 738 3504 -
760 3470 791 3518 11
811 3464 861 3526 τὰς
878 3464 972 3526 πάσας
985 3464 1015 3517 Ρ.
1031 3496 1065 3505 -
1085 3470 1118 3519 18
1136 3466 1203 3536 βου·

194 3533 395 3663 mapa?
418 3534 527 3607 ῥήματα
550 3552 600 3591 om.
619 3534 648 3588 P.
674 3566 707 3575 —-
732 3541 765 3588 22
790 3536 838 3589 καλ
860 3535 887 3590 οἱ
910 3537 1082 3605 λοιποὶ-γι.
1101 3540 1204 3603 487,6
