2617 3909
504 228 693 280 XPONIKON
1048 223 1110 287 761

92 378 192 439 τοιάδε
215 378 323 457 φησίν·
349 375 451 455 ἐπειδή
476 374 508 436 δέ
530 399 597 436 τινα
619 373 700 455 παρὰ
723 379 784 447 τοῖς
806 374 1009 457 χριστομάχοις
1032 395 1113 455 περι-

92 479 275 556 θρολλεῖται,
300 475 374 554 άπερ
398 472 500 546 αὐτοῖς
522 470 539 534 6
562 482 615 534 τοῦ
637 473 773 549 ψεύδους
795 472 892 552 πατὴρ
915 471 1114 550 ἐμπνεόσειεν,

93 571 165 652 φέρε
188 571 353 646 καὶταῦτα
376 571 617 650 διασκεψώμεθα.
655 571 893 647 καταψεύδονται
916 569 971 651 γάρ
990 568 1041 630 διὰ
1058 568 1113 647 τήν

91 671 135 743 είς
157 671 288 752 Χριστὸν
315 668 366 731 καί
390 668 446 747 τήν
468 669 627 747 ἐκκλησίαν
649 669 743 730 αὐτοῦ
765 670 854 749 όβριν
877 669 1004 750 χρόνονς
1026 669 1113 746 μηκί-

91 787 181 841 στοας
198 768 250 829 καί
266 766 508 848 παρατεταμένην
526 769 605 848 ζωήν
622 767 673 829 καὶ
691 769 761 847 βίον
777 767 897 846 εὐπαθῆ
912 772 1113 846 μεμετρῆσθαι
1142 787 1153 826 ο

90 872 132 950 τῷ
146 871 302 950 Μαμωνᾷ,
325 863 376 926 καὶ
394 864 551 945 εὐημερίας
573 866 616 938 είς
633 863 727 945 ἀκρον
745 865 861 945 ἐλάσαι,
883 867 969 939 νίκας
991 887 1021 924 τε
1040 863 1113 925 κατὰ

90 964 252 1044 βαρβάρων
275 962 356 1046 αὐτῷ
378 962 429 1024 καί
451 962 709 1044 ἀνδραγαθήματα
732 961 772 1036 ὡς
791 969 909 1026 πλεῖστα
932 963 1112 1044 ἐπιγράφον-

89 1085 153 1140 τες,
180 1060 200 1122 ά
228 1068 290 1134 τοῖς
318 1062 471 1140 σώφροσιν
498 1059 569 1123 οὐδὲ
594 1061 637 1134 είς
659 1061 803 1143 ἀκρόασιν
826 1060 963 1141 ἔρχεσθαι
987 1062 1112 1122 δίκαιον.

89 1158 133 1233 ὡς
161 1155 191 1221 δ’
212 1158 250 1220 ἀν
277 1169 336 1220 τῶν
364 1157 570 1240 ἁπλουστέρων
596 1157 617 1238 ή
644 1158 855 1241 ἀμαθεστέρων
882 1157 964 1231 τινὰς
992 1164 1053 1230 τοῖς
1081 1157 1113 1219 ἐκ

89 1267 145 1337 τῆς
167 1257 282 1337 ἀπάτης
304 1256 507 1336 ἀναπλασμοῖς
530 1257 571 1336 μή
595 1257 767 1336 βλάπτοιεν,
795 1257 908 1319 τούτων
932 1256 1113 1318 διενθόνον-
1129 1277 1154 1317 ιο

88 1379 137 1429 τες
160 1355 266 1417 ἕκαστα
287 1362 385 1429 κενοῖς
408 1355 506 1436 λόγοις
528 1353 652 1427 ἑαυτοὺς
675 1356 887 1432 φενακίζοντας
906 1353 1111 1432 ἀποφήνωμεν

89 1453 162 1527 τοὺς
185 1452 415 1534 ματαιόφρονας.
453 1452 497 1513 ότι
521 1449 574 1531 μὲν
597 1450 652 1533 γάρ
672 1451 688 1514 6
707 1453 773 1532 βίος
795 1451 910 1514 ἐκτείνοι
931 1453 1112 1532 πάναισχρος

88 1551 193 1634 γέγονε
220 1550 378 1631 βδελοκτός
404 1573 434 1611 τε
461 1555 523 1633 θεῷ
546 1547 596 1610 καὶ
624 1548 758 1630 ἀγγέλοις
780 1549 830 1611 καλ
853 1549 1027 1631 ἀνθρώποις
1050 1556 1112 1624 τοῖς

90 1647 242 1728 εὐσεβίσιν
266 1647 398 1730 όπήρχεν
420 1647 477 1708 οὐκ
498 1646 681 1726 ἀσυμφανές.
727 1647 856 1729 καὶγὰρ
879 1649 921 1722 είς
944 1647 979 1708 τὰ
1003 1648 1111 1730 σαρκὸς

90 1747 180 1825 πάθη
201 1746 439 1826 κατασαρόμενος
457 1744 507 1806 καί
525 1750 588 1817 τοῖς
606 1744 861 1828 ἀπηγορευμένοις
879 1748 1041 1827 βαρβάροις
1060 1746 1110 1808 καὶ
1126 1767 1151 1807 ιι

79 1841 208 1924 Ἕλλησι
230 1854 315 1923 σῶμα
337 1842 387 1905 καὶ
409 1843 513 1924 ψυχήν
532 1841 548 1904 6
567 1844 695 1917 δείλαιος
718 1844 955 1924 ἐμμολννόμενος
978 1845 1111 1924 τὴντῶν

88 1943 207 2025 ἀλόγων
239 1944 321 2017 ζώων
352 1942 502 2024 παρήλασε
533 1943 711 2020 κτηνωδίαν.
762 1942 812 2004 καί
843 1953 935 2004 ταῦτα
967 1943 1023 2004 οὐκ
1051 1940 1112 2004 όλί-

89 2059 185 2122 γιστοι
215 2051 275 2102 τῶν
307 2038 577 2123 ότνηρετησαμένων
609 2041 689 2124 αὐτῷ
724 2040 805 2121 μέχρι
841 2041 929 2122 δεῦρο
962 2041 1125 2128 περιόντες

88 2138 363 2221 ἀπαγγελλέτωσαν,
392 2133 462 2217 μεθ’
484 2132 527 2200 ὧν
555 2138 604 2199 καλ
632 2137 721 2200 τάλλα
749 2139 802 2217 δή,
830 2137 850 2198 ἀ
876 2138 943 2219 περί
972 2138 1004 2200 τό
1028 2149 1112 2218 σῶμα

88 2237 171 2321 αὐτῷ
198 2236 331 2316 ἀπήντει.
382 2235 487 2309 πόνοις
516 2236 571 2318 γὰρ
603 2235 654 2297 καί
684 2235 845 2317 ἀλγηδόσιν
877 2235 1031 2320 ἀρρήτοις,
1064 2230 1112 2298 οία
1126 2258 1152 2298 ιο

88 2335 170 2408 εἰκός
192 2335 262 2408 τοὺς
291 2331 481 2412 ήλκωμένοας
503 2335 640 2414 πάσχειν,
668 2334 848 2414 βαλλόμενος
874 2344 1014 2414 πονηρῶς
1036 2333 1112 2416 άγαν

166 2482 400 2550 ὀμεμετρεῑσθαι
419 2477 468 2530 ΑΒ
491 2478 528 2548 μή
547 2483 712 2547 μετρεῖσθαι
733 2479 758 2531 Β,
781 2484 943 2549 μετρεῖσθαι
967 2483 1053 2549 (σθω
1072 2479 1112 2548 Μ)

89 2551 151 2606 GM
175 2551 371 2621 ἐκμετρεῖσθαι
389 2550 411 2602 Ρ
435 2550 669 2619 (ἐκμεμετρήσθαι
687 2550 768 2612 Nion).
789 2581 823 2590 -
843 2556 857 2602 7
878 2551 915 2614 ὡς
932 2569 982 2605 om.
1000 2551 1056 2604 AB.
1077 2583 1110 2592 -

90 2622 297 2692 ἐπιγράφοντες
310 2623 407 2683 αὐτοῖς
421 2622 509 2689 σάφρ.
524 2621 591 2675 οόδέ
605 2621 625 2675 (3
645 2620 849 2692 ἐπιγράφοντες
863 2624 959 2685 αὐτοῖς
973 2621 992 2676 δι
1006 2623 1073 2678 οὐδὲ
1088 2621 1112 2676 G

90 2694 298 2764 ἐπιγράφονται
317 2694 414 2754 αὐτοῖς
432 2691 554 2760 σώφρδι
574 2691 641 2747 οὐδὲ
659 2694 692 2746 R.
713 2725 746 2733 -
766 2699 782 2745 8
802 2695 1035 2763 οωφρονοῦσινΑ
1059 2711 1111 2748 σω-

89 2774 209 2834 φρονεῖν
229 2764 256 2819 C.
275 2797 311 2804 -
336 2770 367 2817 11
389 2760 588 2830 φενακίζοντες
606 2774 696 2833 (φαιν.
712 2763 747 2833 R)
766 2764 854 2820 ΑΘΒ.
875 2797 908 2805 -
932 2762 1112 2834 ἀποφίνομεν

89 2835 137 2890 Ac
162 2834 361 2905 ἀποφαίνομεν
384 2835 409 2888 R
437 2833 623 2905 άπεφήναμεν
646 2836 684 2888 Μ.
712 2868 745 2876 -
776 2843 807 2889 12
832 2835 847 2890 6
872 2834 981 2890 ἐκείνου
1005 2834 1066 2908 βίος
1088 2837 1111 2888 Β

92 2908 107 2962 ό
129 2905 238 2962 ἐκείνου
262 2912 322 2975 (om.
343 2903 413 2978 βίος)
433 2904 456 2958 G
480 2902 532 2961 οόν
551 2906 662 2961 ἐκείνου
683 2909 743 2976 (om.
764 2904 833 2979 βίος)
853 2909 879 2960 R
901 2910 950 2977 ηιιί
968 2925 1021 2976 pro
1040 2907 1111 2961 πάν-

90 2996 206 3050 αισχρος
224 2979 350 3033 coement
367 2985 426 3032 πᾶν
446 2977 571 3050 αἰσχρὸν.
596 3010 629 3018 -
655 2984 688 3032 14
706 2979 755 3033 καλ
774 2979 827 3049 γάρ
846 2979 886 3040 είς
904 2979 979 3033 ΑΒΡ
998 2986 1023 3033 ιλ
1040 2994 1110 3034 reno.

90 3050 209 3120 quidam
224 3049 285 3103 Nic.
306 3050 354 3102 καλ
368 3047 423 3118 γάρ
437 3049 486 3102 καὶ
500 3050 540 3111 είς
552 3049 613 3103 rell.
624 3057 735 3119 praeter
749 3049 784 3114 E,
803 3053 835 3104 ι’κι
849 3067 902 3119 quo
916 3051 965 3104 καλ
975 3051 1112 3118 posterius

91 3140 180 3191 supra
193 3139 260 3176 vers¹
276 3122 364 3175 αάεα.
375 3151 410 3159 -
427 3125 459 3173 15
474 3121 523 3174 καλ
531 3119 657 3192 Ἕλλησι]
672 3121 835 3192 ἐγκλησινΗ
849 3139 899 3176 om.
911 3119 942 3175 G.
959 3154 991 3161 -
1008 3127 1039 3174 17
1056 3121 1110 3176 ὀλι-

91 3193 187 3263 γοστολ
196 3193 248 3246 DV
263 3189 383 3261 όλίγοιΒ
400 3187 538 3260 όλίγοιςῑδ
553 3190 656 3261 ὀλίγοις
670 3202 730 3254 τοῖς
742 3194 774 3247 A.
786 3225 820 3233 —
837 3199 869 3246 19
884 3193 920 3262 δὴ
935 3192 965 3263 ἃ]
981 3189 1111 3248 δι’διΕΒ

91 3264 181 3318 διόιΑ
200 3263 318 3320 δεινόιΒ
337 3261 419 3317 161⁷.
435 3294 468 3302 -
484 3262 727 3332 ιοάπήιιηθικ.
745 3271 760 3318 1
780 3263 1111 3332 ἀπήντησείὶιίῦικ.2

90 3333 203 3404 ἀπήντα
217 3335 266 3389 BV
275 3335 337 3389 Nic.
362 3332 539 3402 κατήντησαν
553 3335 637 3388 11.-
658 3341 690 3388 21
711 3333 923 3404 ήλκωμένουςΒ
942 3334 1112 3404 ἡλκομένονς

92 3406 145 3475 (ήλ.
161 3408 196 3476 A)
217 3406 293 3460 ADV
317 3403 495 3475 εἱλκομένοος
513 3407 571 3474 (siz.
590 3405 630 3476 M)
650 3405 770 3460 CGMP.
791 3439 823 3447 —
842 3407 974 3475 πονήρως
991 3405 1109 3459 ENRV.

164 3546 197 3593 13
212 3541 332 3610 γεγονὼς
341 3540 363 3593 Ρ
373 3540 435 3595 Nic.
447 3572 482 3580 —
497 3540 646 3612 βδελυκτὸς
660 3541 707 3594 καὶ
722 3544 782 3613 θεῷ
792 3541 840 3593 καλ
854 3537 983 3611 ἀγγέλοις
997 3537 1110 3606 ἀνθρά-

92 3631 157 3674 ποις
171 3631 201 3665 τε
218 3621 278 3674 τοῖς
296 3613 352 3666 εόσ.
367 3609 489 3680 καθίστη
510 3610 602 3664 PNic.
