2617 3909
521 233 710 283 XPONIKON
1061 231 1125 293 759

107 379 245 439 τοιοότου
267 379 382 460 πάγους
409 379 451 451 είς
474 383 594 440 πλεῖστα
620 378 670 439 καί
698 377 835 460 ὀροφανή
860 379 993 457 τμήματα
1017 380 1125 460 διαιρε-

107 475 230 556 θέντος,
262 475 312 537 καί
339 486 374 562 τῇ
403 487 462 538 τῶν
489 474 607 556 άνέμων
635 479 687 561 βίγ
715 476 762 538 ἐπί
791 478 989 555 Δαφνουσίαν
1017 476 1066 537 καί
1093 476 1125 538 τὸ

100 570 196 655 Ἱερόν
218 575 469 655 κατενεχθέντων,
497 576 574 636 οὕτω
598 574 648 636 διά
671 584 724 636 τοῦ
748 580 862 636 Στενοῦ
890 573 938 636 ἐπί
960 574 1015 654 τήν
1038 574 1126 636 πόλιν

107 673 249 749 ἔφθασαν
271 672 412 735 κάκεῖθεν
433 672 515 754 μέχρι
533 683 592 734 τῶν
610 674 712 752 νήσων
735 672 784 734 καί
800 666 931 752 Ἀβύδου
953 683 1053 734 πᾶσαν
1071 674 1126 753 τήν

106 771 254 852 παράλιον
272 771 445 851 ἐπλήρωσαν
460 772 562 852 ἔχοντα
580 770 630 832 καί
649 773 708 844 ζῶα
726 772 858 850 διάφορα
876 769 1126 852 προσπεπηγμένα
1154 795 1166 834 ε

106 869 204 951 ήμερά
225 891 255 930 τε
277 868 328 929 καί
350 867 445 950 άγρια.
487 869 534 931 διὸ
556 879 616 943 πᾶς
639 866 655 929 δ
678 871 859 950 βουλόμενος
882 869 941 932 άπδ
961 875 1127 948 Σοφιανῶν

106 967 152 1040 είς
178 967 230 1029 τὸν
257 967 343 1048 άγιον
367 967 523 1045 Μάμαντα
549 966 600 1028 καί
622 968 665 1040 είς
687 968 743 1046 τήν
765 968 867 1045 πόλιν,
895 961 950 1045 ἀφ’
976 960 1015 1045 ής
1036 968 1126 1030 πάλιν

108 1064 151 1138 είς
170 1064 371 1146 Χρυσόπολιν,
394 1062 434 1138 ὥς
453 1064 503 1126 διὰ
521 1068 612 1146 ξηρᾶς
630 1065 771 1146 ἐβάδιζεν.
813 1066 845 1128 ἐκ
864 1065 896 1127 δὲ
914 1075 974 1127 τῶν
993 1066 1126 1148 μεγάλων

109 1161 231 1224 ἐκείνων
253 1163 412 1243 τμημάτων
436 1163 491 1224 δύο
514 1162 750 1244 προσραγέντων,
774 1165 806 1226 τὸ
830 1162 883 1244 μὲν
904 1173 939 1248 τή
959 1165 1051 1248 σκάλμ
1074 1173 1126 1243 τῆς

109 1260 336 1340 Χρυσοπόλεως,
360 1261 393 1322 τδ
416 1260 449 1323 δὲ
471 1268 510 1345 τῷ
526 1263 609 1342 τείχει
630 1271 683 1340 της
700 1262 823 1342 πόλεως,
846 1259 865 1340 ή
885 1260 939 1342 μὲν
958 1263 1126 1344 συνετρίβη,
1141 1285 1167 1325 ιο

110 1357 142 1418 τὸ
166 1356 199 1419 δὲ
220 1360 350 1440 μεγάλως
373 1359 406 1421 ἐκ
423 1369 482 1420 τῶν
500 1360 648 1438 θεμελίων
670 1360 806 1439 ἐδυνήθη
830 1359 900 1438 μετὰ
923 1370 982 1420 τῶν
1001 1359 1127 1422 ἔνδοθεν

109 1457 236 1535 πλησίον
255 1457 434 1535 οἰκημάτων.
479 1457 550 1538 ὅπερ
570 1450 626 1519 οὖν
644 1467 744 1537 τμήμα
763 1456 915 1540 διαιρεθὲν
933 1459 976 1531 είς
993 1459 1059 1539 τρία
1077 1457 1127 1519 καί

109 1553 170 1615 άπὸ
198 1564 258 1615 τῶν
282 1556 458 1636 Μαγγάνων
485 1554 541 1630 ἕως
567 1566 620 1617 τοῦ
648 1558 838 1636 Βοοσφορίου
865 1556 920 1634 τήν
947 1557 1035 1618 πόλιν
1062 1556 1126 1616 δια-

111 1655 206 1726 ζῶσαν
229 1651 360 1733 ὑπερεῖχε
383 1653 459 1715 πολὺ
482 1661 522 1738 τῷ
542 1655 615 1731 ὕψει
637 1655 673 1715 τά
696 1656 783 1735 τείχη.
829 1663 921 1716 ταῦτα
943 1660 1128 1735 θεωροῦντες
1141 1678 1181 1718 ωε
1194 1677 1225 1716 ω.

110 1752 143 1812 οἱ
162 1759 215 1828 τής
237 1751 349 1825 πόλεως
372 1751 422 1813 καί
445 1754 658 1832 διαποροῦντες
679 1753 832 1834 ἐθρήνουν
855 1751 1076 1835 άπαρηγόρητα.
1142 1776 1167 1817 1⁶

174 1844 228 1909 ’Ev
250 1843 296 1922 οἷς
321 1849 371 1911 καί
394 1851 493 1930 πλάνη
515 1850 616 1932 γέγονε
639 1850 706 1933 περί
729 1859 781 1912 τὀῦ
804 1851 916 1932 πάσχα,
943 1849 994 1912 καί
1015 1855 1128 1932 παρηλ-

109 1946 260 2028 λαγμίνως
297 1957 350 2027 τής
381 1947 531 2029 ἀκριβείας
567 1959 627 2010 τῶν
659 1947 833 2030 όρθοδόξων
869 1951 902 2010 οί
930 1949 1128 2030 παράπαιστοι

109 2046 313 2124 πασχάσαντες
340 2047 463 2128 ὕστερον
491 2046 660 2128 ἐπιγνόντες
684 2048 739 2126 τήν
762 2047 876 2108 ἑαυτῶν
898 2047 1016 2126 πλάνην
1038 2042 1127 2132 ήσχό-

111 2165 208 2204 νοντο.
254 2142 305 2202 καί
327 2151 366 2228 τῷ
384 2140 539 2230 Ἀπριλλίῳ
568 2144 641 2223 μηνί
669 2146 778 2225 δρόμος
801 2143 931 2226 άστὲρων
953 2143 1072 2225 γέγονεν
1095 2144 1128 2206 ἐν

110 2249 150 2325 τῷ
170 2240 248 2323 άέρι,
276 2241 327 2302 καί
350 2252 535 2304 κατεσπῶντο
563 2241 637 2322 πρὸς
660 2242 716 2320 τήν
738 2251 810 2324 γήν,
839 2239 879 2314 ὡς
906 2241 975 2314 τοὺς
998 2240 1130 2322 ὁρῶντας
1143 2266 1168 2304 κο

110 2342 241 2419 νομίζειν
267 2334 344 2400 είναι
374 2339 550 2402 συντέλειαν.
596 2341 702 2402 αὐτίκα
730 2338 761 2401 δὲ
794 2339 842 2400 καί
875 2338 987 2420 αὐχμὸς
1016 2338 1128 2419 ἐγίνετο

110 2437 204 2510 πολὺς
222 2436 272 2498 καί
291 2436 374 2517 λιμὸς
393 2437 492 2520 μέγας,
516 2436 556 2511 ὡς
575 2440 766 2519 ξηρανθήναι
783 2436 881 2519 πηγάς
900 2436 949 2498 καί
967 2437 1128 2517 ποταμούς,

111 2534 162 2596 καί
184 2542 340 2618 πραθῆναι
362 2537 414 2598 τὸν
438 2535 544 2615 μόδιον
568 2546 619 2615 τής
641 2543 752 2617 κριθῆς
775 2536 807 2597 ἐν
825 2545 860 2620 τή
884 2535 967 2597 πόλει
985 2535 1127 2614 νομισμά-

186 2731 289 2779 16-19
304 2726 338 2792 οἱ.
349 2725 474 2794 Theoph.
483 2743 511 2795 p.
522 2731 583 2794 431,
595 2732 636 2779 13.
649 2759 680 2766 -
699 2730 801 2779 19-22
817 2726 851 2792 cs.
862 2725 987 2793 Theoph.
995 2743 1024 2793 μ.
1034 2729 1095 2791 435,
1104 2729 1128 2777 b.

112 2830 145 2838 -
167 2803 272 2865 23—1).
289 2802 348 2860 760,
366 2803 379 2850 1
400 2799 435 2865 cf.
452 2797 577 2866 Theoph.
589 2816 619 2866 μ.
634 2803 696 2865 419,
711 2804 753 2851 λε’).

185 2963 200 3009 2
220 2961 258 3027 τῷ
277 2957 377 3031 ἱερῷΑ
395 2965 445 3011 τοῦ
465 2957 542 3025 ἱεροῦ
556 2958 588 3012 R.
604 2991 638 2999 —
658 2966 675 3012 4
693 2957 772 3029 μέχρι
791 2976 840 3013 ουτ.
856 2958 890 3012 N.
911 2990 945 2998 -
965 2964 1059 3011 πᾶσαν
1078 2955 1129 3026 τὴν

111 3028 252 3096 παράλιον
271 3036 323 3098 γῆν
337 3027 363 3081 R
385 3038 479 3083 πᾶσαν
497 3029 637 3097 παράλιον
656 3030 707 3099 τήν
725 3038 777 3100 γῆν
793 3029 823 3084 G.
840 3061 873 3068 -
894 3035 909 3082 9
930 3025 1044 3083 ἐκείνων
1063 3048 1129 3097 τμη-

111 3101 207 3170 μάτων
217 3099 346 3152 ABDLP
359 3100 509 3170 τμημάτων
522 3099 638 3156 ἐκείνων
652 3101 712 3156 rell.
724 3133 758 3142 -
770 3107 803 3154 10
818 3098 1030 3172 Χρυσοπόλεως]
1045 3100 1129 3165 άκρο-

112 3171 218 3234 πόλεως
232 3171 357 3240 Theoph.
373 3203 407 3211 —
427 3177 460 3225 12
480 3168 531 3227 οὖν
550 3190 601 3228 om.
616 3173 649 3226 N.
667 3205 700 3214 -
721 3179 754 3226 13
774 3169 944 3244 βοοσπορίου
962 3171 985 3224 Β
1008 3168 1129 3242 βουσφό-

113 3263 164 3311 ρου
183 3243 238 3296 DR
263 3240 436 3312 φωσφωρίου
455 3243 492 3297 Μ.
514 3276 547 3284 -—
572 3246 748 3308 διαζώσαντα
767 3245 821 3297 BR,
844 3241 1024 3298 διασείσαντα
1044 3241 1075 3296 G.
1095 3274 1129 3282 —

115 3320 147 3367 14
165 3315 200 3369 τά
218 3312 295 3440 τείχη
313 3318 352 3383 τῷ
366 3313 434 3384 ίίψει
452 3316 536 3369 ARV.
562 3348 594 3357 -
620 3322 652 3369 16
672 3317 721 3370 καί
744 3323 809 3371 ante
828 3313 921 3383 πλάνη
945 3332 995 3369 ουτ.
1014 3313 1076 3368 EG.
1097 3345 1129 3354 -

112 3386 162 3439 καί
179 3387 243 3455 περί
288 3385 345 3438 GV.
366 3418 400 3426 -
421 3392 452 3440 17
472 3393 522 3455 τῆς
539 3384 685 3458 ἀκριβείας
702 3396 758 3442 τῶν
778 3384 940 3455 ὀρθοδόξων
959 3402 1009 3440 om.
1025 3385 1059 3438 N.

186 3550 200 3597 7
220 3545 315 3616 μάμαν
329 3545 359 3600 Ρ,
375 3578 409 3587 -
429 3552 445 3599 8
464 3547 612 3611 ἀκωλύτως
629 3547 667 3609 ὡς
680 3547 702 3600 Ρ
713 3546 837 3615 Theoph.
856 3578 890 3586 —
910 3552 944 3599 10
962 3552 1012 3612 τῆς
1025 3541 1130 3605 πόλεως

113 3633 163 3670 ονε.
179 3616 336 3686 PTheoph.
356 3649 389 3658 —
412 3625 444 3671 14
462 3626 552 3673 ταῦτα
571 3618 603 3674 δὲ
620 3623 705 3687 θεωρ.
721 3619 750 3672 P.
770 3650 805 3658 -
825 3624 857 3670 21
878 3617 966 3686 άχμδς
984 3616 1013 3670 Ρ.
