2617 3909
170 249 236 314 804
376 251 563 303 τοσοῦτον
580 251 767 304 Μοακκου
785 251 975 303 ΧΡοατκοα

235 474 377 534 Γίνονται
399 464 454 534 οὖν
476 471 537 534 διπδ
560 469 614 551 μὲν
636 480 690 534 τοῦ
708 466 802 550 Ἀδδιμ
825 469 880 546 ἕως
902 481 953 532 τοῦ
977 476 1197 550 κατακλυσμοῦ

169 569 219 648 ἔτι
242 567 357 650 ,βσμβῗ

232 661 304 729 ’Aah
329 665 360 730 δὲ
382 677 436 730 τοῦ
459 673 668 747 κατακλυσμοῦ
690 666 745 741 ἕως
768 677 821 748 τῆς
843 671 1041 749 πυρμοποιῒας
1065 664 1148 745 φκε’.

233 760 305 829 ’Ana
329 764 361 828 δὲ
384 777 436 847 τῆς
459 770 657 848 πυρχοποιίας
680 765 735 839 ἕως
758 775 810 828 τοῦ
829 761 963 848 Ἀβραὰμ
986 762 1062 827 νκε’.

143 887 155 926 ε
233 857 305 927 Ἀπδ
329 863 361 927 δὲ
384 875 437 927 τοῦ
455 859 590 946 Ἆβραδιμ
612 863 667 938 ἕως
689 875 742 944 τῆς
765 865 870 939 ἐξόδου
893 873 952 924 τῶν
976 865 1053 926 υἱῶν
1073 859 1193 946 Ἰσραὴλ

168 963 198 1036 ἐξ
222 963 378 1044 Αίμύπτου
400 960 459 1026 υλ’.

232 1055 305 1123 Ἀπὸ
329 1059 361 1124 δὲ
387 1071 440 1142 τῆς
465 1061 570 1136 ἐξόδου
597 1060 652 1136 ἕως
680 1071 733 1142 τῆς
761 1061 922 1142 οἰκοδομῆς
949 1070 1003 1122 τοῦ
1026 1065 1192 1140 Σολομτον-

168 1161 247 1222 τείου
270 1170 346 1222 ναοῦ
369 1164 432 1239 ψνζ

232 1252 304 1319 Ἀπὸ
328 1257 360 1320 δὲ
382 1268 435 1338 τῆς
457 1259 619 1339 οἰκοδομῆς
645 1268 699 1320 τοῦ
727 1268 803 1321 ναοῦ
830 1257 886 1331 ἕως
912 1267 965 1338 τῆς
988 1258 1189 1339 αἰχμαλωσίας

129 1378 155 1418 1⁰
168 1366 221 1418 τοῦ
241 1351 358 1439 Ἰσραὴλ
379 1354 454 1419 υκε’.

299 1447 391 1535 Ὁμοῦ
413 1455 463 1535 ἔτη
486 1451 588 1537 stans<

232 1566 305 1632 Ἀπὸ
333 1569 366 1634 δὲ
392 1582 445 1653 τῆς
472 1573 671 1653 αἰχμαλωσίας
699 1571 754 1646 ἕως
778 1567 972 1653 Ἀλεξάνδρου
1000 1581 1055 1632 τοῦ
1083 1575 1187 1632 Μακε-

168 1669 257 1743 δόνος
279 1668 349 1750 κη’.

233 1763 306 1829 Ἀπδ
330 1766 362 1831 δὲ
382 1762 577 1851 Ἀλεξάνδρου
600 1768 655 1843 ἕως
678 1774 809 1852 Χριστοῦ
832 1765 887 1850 τῆν’.

131 1888 155 1928 15
299 1859 391 1945 Ὁμοῦ
414 1866 464 1946 ἔτη
487 1865 561 1948 μοι’.

434 1157 443 1180 Ι

445 1208 451 1221 ι

233 1977 305 2044 Ἀπδ
334 1981 366 2045 δὲ
393 1993 447 2044 τοῦ
474 1987 604 2065 Χριστοῦ
636 1983 691 2058 ἕως
720 1992 773 2045 τοῦ
801 1983 928 2064 μεγάλου
955 1983 1184 2044 Κωνσταντίνου

168 2091 222 2143 τοῦ
245 2080 387 2162 βασιλέως
410 2079 479 2161 νῆ’.

233 2174 305 2243 Ἀπὸ
334 2178 366 2242 δὲ
389 2180 619 2242 Κωνσταντίνου
647 2179 729 2263 μέχρι
756 2189 810 2241 τοῦ
836 2177 1033 2261 προκειμένου
1062 2179 1184 2260 Μιχαῆλ

169 2279 239 2340 νίοῦ
265 2280 413 2357 Θεοφίλου
437 2277 516 2357 φνε’.

131 2399 156 2436 το
298 2371 391 2456 Ὁμοῦ
415 2377 449 2438 τὰ
472 2378 569 2439 πάντα
591 2377 640 2456 ἔτι]
664 2374 766 2459 ,ςτοεῖ

243 2582 329 2630 1-20
348 2579 382 2643 cf.
397 2575 551 2645 Nicephori
569 2576 744 2630 Breviarium
760 2595 789 2646 p.
807 2581 856 2629 102
876 2574 943 2628 edit.
958 2591 1047 2628 meae.

241 2744 257 2791 4
275 2735 440 2805 τετρακόσια
459 2736 546 2792 εἰκοσι
563 2736 583 2790 G
601 2735 676 2810 χίλια
695 2733 865 2792 πεντακόσια
885 2733 916 2788 α’
931 2734 1031 2808 (χαφα’
1047 2735 1087 2804 Μ)
1102 2735 1137 2790 N.
1152 2767 1181 2775 -

170 2809 222 2873 ἕως
238 2818 288 2864 τοῦ
306 2807 429 2901 ἰΑβραδτμ
446 2817 501 2863 τῶν
520 2809 751 2899 διχοτομημοίτων
771 2809 816 2898 ἔτῆ
836 2806 908 2890 νμε’.
942 2806 999 2860 ἀπὸ
1019 2806 1051 2861 δὲ
1069 2816 1126 2863 τῶν
1144 2809 1182 2860 δι-

170 2901 375 3007 ίοῖομηδαέἷλ
390 2878 944 3006 ῗλῖίίολςοΑίὲἰλλλλλίῖτίωἶῬλ
957 2881 1183 3019 mm
1264 2953 1267 2962 ·

169 2973 352 3094 δίσοδιίκστμε
370 2973 415 3092 δίη
434 3025 466 3077 ἰκ
480 3022 504 3076 Α
519 3023 583 3077 add.
599 3055 633 3063 -
653 3006 669 3076 9
689 3023 745 3078 ἀπὸ
765 3022 796 3078 δὲ
814 3030 863 3092 τῆς
881 3021 1033 3090 οἰκοδομῆς
1050 3029 1100 3074 τοῦ
1115 3029 1182 3075 ναοῦ

170 3096 281 3150 ASuid.
301 3113 325 3150 ν.
338 3093 431 3163 Ἀδάμ.
464 3095 521 3149 ἀπὸ
540 3095 571 3150 δὲ
590 3103 639 3163 τῆς
652 3103 703 3148 τοῦ
718 3115 742 3149 ν.
758 3094 908 3162 οἰκοδομῆς
921 3091 948 3145 N
967 3092 1023 3146 ἀπὸ
1043 3091 1076 3146 δὲ
1093 3111 1116 3146 τ.
1132 3093 1180 3146 οίκ.

169 3175 219 3222 τοῦ
239 3164 425 3236 σολομωντίου
443 3164 584 3236 (-μουτίου
602 3166 633 3236 L)
658 3175 728 3220 ναοῦ
749 3165 804 3220 GL.
829 3196 862 3205 -
887 3170 919 3219 12
939 3163 1114 3231 ἀλεξάνδρου
1136 3171 1181 3217 τοῦ

170 3238 303 3310 βασιλέως
320 3239 345 3290 Α
364 3235 445 3302 Ἀλεξ.
460 3236 631 3300 Μακεδόνος
647 3246 698 3291 τοῦ
717 3237 849 3309 βασιλέως
868 3235 944 3289 Suid.
960 3266 994 3275 -
1014 3241 1048 3289 14
1068 3234 1120 3296 ἕως
1136 3243 1181 3289 τοῦ

170 3317 283 3379 χριστοῦ
298 3309 346 3361 LN
367 3308 418 3370 ἕως
430 3313 551 3376 Χριστοῦ
565 3317 615 3362 τοῦ
629 3313 701 3363 θεοῦ
716 3309 794 3378 ἡμῶν
809 3307 885 3362 Suid.
902 3339 934 3346 —
956 3312 988 3360 15
1003 3305 1086 3380 ‘eva'
1102 3306 1136 3362 N.
1152 3338 1181 3346 -

173 3386 204 3433 16
219 3388 269 3433 τοῦ
283 3385 347 3433 ante
356 3383 477 3445 Χριστοῦ
492 3397 542 3433 ουτ.
553 3379 586 3432 Α.
598 3412 631 3420 -
648 3385 681 3432 18
695 3379 898 3448 προειρημένου
909 3377 937 3430 C.
949 3409 984 3418 -
998 3384 1032 3431 20
1048 3377 1181 3450 fitam.

578 3564 777 3606 ,ἡμὴ
