2617 3909
511 237 699 288 xpomssox
1054 236 1114 300 781

91 391 190 465 ηθες,
223 386 256 447 τὸ
285 383 317 446 δὲ
344 382 385 458 ὡς
412 384 589 466 πορρωτάτω
616 383 666 445 καί
693 384 820 446 παλαιὸν
847 385 1008 465 τυγχάνον,
1035 385 1117 446 καθὰ
1131 410 1171 449 εει
1184 409 1216 448 M.
1269 423 1273 434 ι

92 493 159 544 τῶν
182 482 388 563 πρεσβυτέρων
410 483 594 565 ἐξιστοροῦσί
614 504 705 562 τινες,
733 485 763 544 οἳ
786 482 822 543 τά
844 482 959 544 ἐκείνου
986 482 1036 544 καί
1058 493 1117 544 τῶν

92 581 215 644 ἐκείνου
243 580 377 662 πατέρων
405 581 437 642 ἐκ
464 586 575 643 πολλοῦ
603 580 812 662 παραδοθέντα
837 581 949 661 ἴσασιν,
977 579 1048 643 ούδὲ
1070 581 1116 663 ἐν-

91 686 206 740 τεῦθεν
225 686 368 762 καθαρῶς
386 685 483 740 ποθεν
506 678 715 759 ἐκπεφυκέναι,
738 679 818 758 εἰπερ
837 679 869 740 ἐκ
887 689 940 758 τῆς
955 673 1118 760 Ἀσσυρίων

92 783 199 858 φυλῆς
231 779 375 857 κακίστην
406 778 592 860 παραφυάδα
621 776 759 857 ἐκδῦναι,
791 777 820 851 ἐξ
850 769 892 838 ὧν
919 778 952 840 τὸ
980 785 1118 862 πατρῷον
1145 800 1157 840 ε

92 876 278 956 ἐπεφήμιζεν
312 869 393 955 αἷμα.
439 882 587 956 κατήχθαι
617 874 674 957 γὰρ
702 875 734 936 ἐκ
761 885 821 936 τῶν
846 875 1022 958 Σεναχειρίμ
1048 878 1117 936 παί-

93 975 172 1054 δων,
196 970 230 1046 δς
253 974 291 1054 δή
315 984 374 1034 τῶν
394 968 558 1054 Ἀσσυρίων
582 965 651 1053 ἦρξέ
673 995 743 1034 ποτε
766 972 816 1034 καί
839 973 898 1034 ύπὸ
917 984 976 1034 τῶν
995 974 1118 1052 φύντων

92 1074 219 1153 καιρίαν
241 1071 297 1150 τήν
319 1072 438 1153 πληγήν
460 1071 600 1133 ἐδέδεκτο.
646 1071 696 1132 καί
719 1072 774 1153 γὰρ
798 1073 859 1153 οἵγε
883 1073 992 1150 φονίας
1020 1072 1118 1146 δεξιάς

92 1176 137 1254 τῷ
162 1170 318 1251 γεννήτορι
350 1157 571 1231 ἐπανετείναντο
601 1175 641 1253 τῷ
665 1167 787 1254 πατρῴῳ
819 1171 922 1256 λύθρῳ
954 1171 1117 1250 έμμολυνό-

95 1291 197 1348 μενοι,
230 1267 395 1350 αύτόχειρές
422 1291 451 1329 τε
483 1279 536 1348 τῆς
565 1277 684 1349 σφαγῆς
715 1277 768 1330 τοῦ
796 1269 930 1341 τεκόντος
964 1268 1117 1349 γενόμενοι
1132 1290 1158 1330 ιο

94 1365 205 1427 αὐτίκα
227 1366 302 1446 πρὸς
325 1371 387 1439 τοῖς
405 1367 523 1448 χωρίοις
546 1376 605 1426 τῶν
620 1359 782 1447 Ἀρμενίων
806 1367 939 1447 φυγάδες
962 1364 1118 1447 ὀχούμενοι

94 1463 308 1538 ἀνασώζονται.
349 1464 456 1525 τούτου
480 1465 517 1543 δή
541 1473 594 1527 τοῦ
612 1463 807 1545 πατροφόνου
831 1459 943 1545 σπόρου
967 1464 1041 1525 κατὰ
1063 1465 1118 1544 τήν

94 1560 243 1645 ἡμετέραν
272 1561 375 1644 γενεάν
402 1573 514 1644 πικρῶς
541 1561 684 1644 τηρηθείς
713 1559 764 1622 καί
791 1563 1038 1643 παραβλαστήσας
1064 1562 1117 1624 ἀν-

95 1660 258 1742 δροκτόνος
285 1661 399 1741 καρπὸς
428 1659 483 1721 ούκ
511 1654 569 1721 οἶδ’
596 1659 671 1721 όθεν
688 1653 840 1737 Ῥωμαίων
867 1670 952 1722 τοῦτο
981 1685 1117 1742 κατακρι-

94 1758 217 1820 θέντων
240 1757 272 1819 τὸ
292 1759 391 1821 δεινδν
409 1758 600 1841 ἐκεκλήρωτο
625 1754 659 1830 δς
677 1758 719 1830 είς
737 1758 802 1820 τόδε
821 1757 853 1819 τό
873 1768 948 1838 φῶς,
972 1752 1018 1832 οἷς
1036 1753 1117 1820 οἰδεν
1132 1782 1158 1822 15

96 1857 114 1919 δ
138 1855 339 1937 ἀνασχόμενος
361 1859 514 1938 κρίμασιν,
545 1854 707 1939 προαχθεὶς
729 1863 874 1937 πονηροῖς
896 1856 946 1917 καί
970 1855 1118 1936 ὀλεθρίοις

95 1953 267 2036 ἐντρέφεται
294 1953 344 2015 καί
366 1956 544 2029 συναύξεται
565 1953 660 2034 ήθεσί
680 1977 709 2014 τε
737 1953 787 2014 καί
815 1955 963 2035 πράξεσιν.
1009 1955 1042 2016 ἐκ
1064 1964 1117 2034 τῆς

92 2049 260 2134 Ἀσσυρίων
277 2062 353 2135 γοῦν
376 2055 494 2132 λεαίνης
517 2052 567 2113 καί
587 2062 640 2132 τῆς
656 2048 810 2133 Ἀρμενίας
829 2053 1000 2132 παρδάλεως
1023 2052 1117 2134 ἕτερο-

96 2147 190 2222 θαλές
218 2150 366 2212 σύνθετόν
388 2173 418 2211 τε
445 2149 495 2210 καί
523 2149 682 2212 ἀλλόκοτον
705 2151 833 2232 τύγριδος
858 2145 938 2224 είδος
965 2150 997 2211 ἐκ
1019 2151 1117 2213 νόθου

96 2247 148 2310 καί
174 2247 319 2328 κιβδήλου
345 2246 434 2326 ἐξέφυ
457 2259 564 2329 γονῆς,
584 2242 739 2329 Ἀρμένιον
762 2246 782 2328 ή
803 2243 958 2330 Ἀσσύριον
986 2247 1117 2328 εἰδεχθὲς
1131 2271 1158 2310 ιο

96 2346 197 2430 τέρας,
225 2345 276 2407 καί
302 2346 377 2408 λέων
404 2344 458 2426 μὲν
485 2347 541 2426 τήν
563 2347 780 2428 προσηγορίαν,
808 2345 925 2419 λέοντος
953 2344 1040 2408 δὲτὸ
1064 2344 1117 2426 μέν

98 2444 283 2527 ἁρπακτικὸν
314 2445 356 2518 εἰς
383 2444 415 2506 τὸ
442 2441 574 2523 ἀσφαλές
602 2442 794 2524 κεκτημένος,
826 2444 859 2506 τδ
888 2442 920 2506 δὲ
947 2443 1117 2527 ἐλευθέριον

99 2544 239 2622 οὐδαμῶς
257 2541 439 2624 προϊέμενος,
462 2541 627 2623 χαμαιλέων
646 2540 678 2602 δὲ
697 2542 793 2623 ὥσπερ
814 2534 870 2604 ούν
889 2537 1019 2615 τὸεῖδος
1038 2542 1115 2604 ούτω

171 2703 188 2750 4
207 2695 336 2763 καθαρός
350 2696 410 2750 ER.
429 2728 463 2736 -
482 2694 576 2751 πόθεν
591 2693 642 2750 GR
661 2696 753 2750 ποθὲν
767 2695 820 2748 NV
834 2713 885 2750 om.
899 2696 929 2750 B.
945 2729 979 2736 -
994 2694 1117 2763 ἀσυρίων

100 2767 189 2823 CDG.
205 2799 238 2807 —
259 2773 275 2820 6
291 2766 510 2838 ἐπευφήμιζενλί
525 2766 714 2836 ἐπευφήμιζον
728 2767 761 2820 R.
778 2799 810 2806 —
826 2768 1019 2838 σεναχειρίμΙι
1036 2784 1117 2822 σενα-

100 2840 176 2910 χιρλμ
191 2837 211 2892 C
232 2840 378 2910 σεναχερλμ
392 2839 414 2892 Ε
434 2840 601 2911 σεναχηρείμ
614 2838 694 2892 BRV
713 2839 903 2908 σενυαχειρείμ
923 2839 994 2908 ί-ρλμ
1003 2839 1042 2908 Μ)
1059 2838 1115 2892 AN.

101 2943 134 2950 —
150 2915 165 2963 ’λ
180 2907 305 2977 ἀσυρίων
314 2909 364 2964 OD
379 2911 443 2965 item
456 2927 480 2964 ο.
493 2916 533 2964 18.
545 2943 578 2951 -
593 2910 734 2976 8ἐδέξατο
744 2910 801 2963 BL.
815 2942 845 2950 -
855 2906 974 2975 φονείας
983 2913 1063 2980 (φων.
1074 2909 1113 2978 Μ)

100 2981 157 3035 ΒΜ
174 2982 307 3049 φονώσας
316 2981 349 3034 V.
362 3013 398 3022 -
412 2988 427 3034 9
442 2981 559 3055 πατρςόφ
574 2981 648 3035 ABG
663 2982 820 3053 πατρωλώφ
834 2981 893 3035 ΕΜ
905 2983 1056 3053 πατρολάφ
1066 2979 1117 3034 DV

101 3055 146 3108 sed
163 3054 195 3106 νἰι
213 3052 238 3105 V
257 3071 272 3106 ο
295 3054 327 3105 ι’κ
346 3053 385 3107 lit.
409 3054 590 3126 πατρωωλώφ
612 3053 645 3106 R.
665 3085 700 3094 —
725 3059 763 3110 11Ι
783 3051 931 3123 ὀχούμενοι
949 3052 1001 3105 RV
1024 3051 1117 3123 οἰχού-

102 3144 179 3192 μενοι
202 3123 225 3176 Β
254 3123 268 3177 δ
288 3123 384 3193 όμενοι
406 3124 437 3176 Μ
464 3123 600 3194 ὠχόμενοι
623 3125 680 3196 (ῶχ.
701 3123 731 3193 (ἰ)
754 3122 832 3177 CDE
861 3121 1002 3196 οἰχόμενοι
1025 3124 1058 3177 Α.
1082 3156 1116 3163 -

103 3203 134 3249 12
153 3203 235 3250 τοῦτο
254 3145 289 3248 δέ.
309 3226 342 3234 -
367 3195 398 3250 δὲ
418 3195 501 3250 GRV.
521 3228 555 3236 —
580 3201 613 3249 13
631 3195 733 3264 πικρὸς
752 3195 816 3248 ΒΜ.
836 3228 870 3235 -
893 3194 1075 3264 ἀνδροφόνος
1091 3195 1117 3248 Α

103 3268 332 3335 ἀνδροκτοφόνος
349 3265 374 3319 G
397 3265 626 3334 ἀνδροφοκτόνος
639 3267 666 3320 R
684 3284 734 3321 om.
750 3267 806 3320 LN.
822 3298 856 3306 -
877 3273 910 3319 14
929 3264 1116 3334 κατακριθέν-

102 3359 156 3392 των
173 3338 222 3390 ΑΒ
245 3337 420 3404 κατακριθέν
437 3338 498 3392 rell.
518 3371 552 3378 -
577 3345 610 3392 15
629 3336 671 3409 ὃς]
692 3334 735 3400 οἷς
751 3337 808 3391 ΑΕ.
828 3370 861 3377 -
883 3343 915 3390 17
936 3337 1050 3402 αύξεται
1068 3338 1116 3391 ΑΒ

105 3407 292 3473 συναυλίζεται
311 3407 339 3462 C.
359 3441 394 3448 -
416 3409 561 3478 πράγμασι
578 3409 637 3463 RV.
663 3442 696 3449 —
722 3413 754 3462 19
773 3410 814 3480 τε]
836 3428 864 3462 τι
882 3408 938 3461 AB.
963 3441 996 3449 -
1020 3415 1055 3461 20
1074 3408 1116 3472 ἐξ·

104 3478 188 3546 έφυεν
205 3477 239 3541 ὗς
257 3479 390 3548 ἀρμένιος
412 3477 430 3547 ἢ
448 3481 581 3549 ἀσσόριος
598 3480 806 3550 εἰδεχθέστερος
823 3480 856 3533 R.
882 3511 914 3519 -
939 3476 1080 3548 ἀρμενίων
1098 3477 1115 3547 ἢ

105 3549 240 3618 ἀσσαρίων
258 3551 314 3604 AL.
328 3583 364 3592 —
383 3551 510 3622 εἰδεχθὲς
527 3550 645 3619 τέραςΒ
670 3549 880 3623 εἰδεχθεστέρας
898 3550 958 3605 rell.
979 3583 1012 3591 -
1032 3556 1064 3603 21
1084 3551 1116 3604 ιδ

105 3622 152 3689 μὲν
169 3639 219 3676 om.
236 3621 261 3674 V
285 3623 335 3691 μέν
353 3641 403 3677 om.
422 3623 453 3676 R.
