2617 3909
510 259 699 310 XPONIKON
1046 256 1113 320 443

96 408 132 471 ἔν
159 410 259 482 λίθοις
286 405 563 489 παρατριβομένοις,
590 406 622 467 τὸ
650 404 683 469 δέ
710 403 743 466 έν
773 404 878 483 κόμαις
905 404 1037 486 δένδρων
1063 405 1115 466 καί

98 506 202 567 αὐτῶν
225 504 496 587 παρατριβομένων,
518 504 550 565 τὸ
573 501 606 564 δέ
629 502 661 564 έν
684 509 838 584 κεραυνοῖς
856 502 888 564 ἐκ
906 512 959 565 τοῦ
982 502 1114 584 αἰθέρος,

99 604 133 666 τὸ
158 602 192 667 δὲ
214 602 265 664 καὶ
287 602 317 678 έξ
339 603 457 666 ὑδάτων
480 600 529 663 καί
552 600 645 663 δέλων
669 602 884 681 διαυγεστάτων
902 600 952 662 καί
974 607 1114 681 καθαρω-

97 703 197 763 τάτων
224 701 396 775 ἐξάλλεσθαι
424 698 566 779 πέφυκεν.
612 700 688 761 ούτω
712 700 751 779 δή
773 698 824 761 καί
846 698 878 760 έν
900 697 964 781 άέρι
986 699 1075 760 πάλιν
1097 698 1114 761 5

100 798 155 879 μέν
190 799 250 861 ἐστι
280 799 440 879 παχύτερος
472 797 488 860 5
515 796 582 879 περὶ
609 794 688 877 ήμας
714 796 765 858 καὶ
792 796 981 878 φθοροποιός
1009 820 1039 858 τε
1065 796 1115 858 καί
1142 817 1155 856 5

98 897 279 976 νοσημάτων
296 898 440 958 ποικίλων
458 894 507 957 καὶ
525 895 724 957 έπικινδύνων
742 896 844 974 αἴτιος,
863 893 880 957 5
898 892 931 957 δέ
949 895 1116 976 λεπτότερος

98 994 152 1056 καί
174 994 317 1074 σωμάτων
335 993 491 1075 εὐκρασίας
509 992 559 1054 καὶ
577 993 736 1075 εύρωσιίας
753 992 904 1074 πρόξενος,
923 991 939 1054 5
958 992 990 1055 δέ
1008 992 1115 1055 ἀνώτε-

99 1116 155 1174 ρος
178 1091 229 1153 καί
250 1090 477 1174 πυρωδέστερος.
522 1090 620 1172 ὥσπερ
642 1090 693 1152 καί
715 1100 774 1152 τῶν
791 1089 909 1171 ἀνέμων
927 1091 1033 1154 πολλαί
1052 1093 1116 1153 δια-

99 1191 205 1272 φοραί.
250 1188 266 1251 5
290 1188 343 1268 μὲν
365 1189 420 1271 γάρ
443 1188 503 1250 ἔστι
524 1189 708 1270 λεπτότερος,
731 1186 748 1250 5
771 1186 803 1249 δέ
825 1189 1000 1270 παχύτερος,
1023 1187 1039 1250 5
1063 1187 1116 1267 μὲν

98 1286 295 1369 ψυχρότερος,
322 1284 338 1348 5
361 1286 394 1349 δέ
417 1286 581 1368 ξηρότερος,
608 1283 624 1346 5
648 1284 702 1365 μέν
724 1284 889 1367 δγρότερος,
913 1284 930 1347 5
952 1284 985 1348 δέ
1006 1287 1116 1369 θερμό-
1131 1309 1156 1349 ιο

98 1408 193 1467 τερος.
231 1385 304 1446 ὅθεν
327 1377 383 1447 οὖν
406 1384 422 1448 5
444 1384 602 1465 προφήτης
624 1382 758 1462 ἐμπεσὼν
776 1384 818 1456 είς
836 1382 891 1463 τήν
908 1382 1041 1464 όίβυσσον
1058 1395 1117 1445 τῶν

99 1482 341 1564 εὐεργετημάτων
364 1483 476 1545 τούτων
499 1479 550 1543 καὶ
567 1491 626 1543 τῶν
643 1482 797 1561 τοιούτων,
818 1480 851 1542 έν
869 1476 915 1555 οίς
932 1479 953 1561 ή
970 1491 1024 1544 τού
1042 1488 1117 1543 θεοῦ

101 1582 233 1661 δύναμις
255 1580 305 1641 καὶ
327 1582 419 1659 σοφία
443 1582 606 1659 δείκνυται,
635 1578 685 1640 καὶ
708 1578 782 1641 ἰδὼν
804 1579 836 1641 τό
854 1578 980 1662 πέλαγος
1001 1578 1117 1661 ἀχανές,

99 1678 276 1759 ἀπεπήδησε
309 1677 382 1760 μέγα
415 1678 539 1759 βοήσας·
581 1676 622 1751 όις
659 1677 847 1759 έμεγαλύνδη
884 1677 919 1739 τδι
950 1678 1020 1760 ἔργα
1052 1697 1117 1759 σου,

100 1778 196 1859 κύριε.
241 1777 338 1838 πάντα
360 1776 393 1838 έν
416 1778 507 1860 σοφία
530 1775 671 1855 ἐποίησας
697 1775 748 1838 καί
768 1777 877 1854 σοφίας
899 1775 1060 1855 ἐνέπλησας
1082 1778 1118 1838 τά
1131 1798 1157 1839 ιο

101 1898 134 1937 τε
158 1874 278 1956 έμψυχα
299 1874 349 1935 καί
372 1872 483 1955 όίφυχα.

383 2058 450 2142 [ιβ’.
483 2059 571 2143 Περὶ
593 2060 841 2140 Δομετιανοῦ]

176 2186 263 2247 Μετὰ
295 2184 327 2248 δέ
358 2187 443 2247 Τίτον
471 2185 637 2266 ἐβασίλευσε
664 2185 845 2265 Δομετιανὸς
871 2184 999 2263 ἀδελφὸς
1026 2184 1119 2246 αύτού
1133 2208 1172 2247 σω
1185 2207 1216 2246 ω

105 2286 157 2364 ἔτη
190 2282 229 2345 ιε’
261 2283 311 2345 καί
342 2283 457 2365 έσφάγη
490 2284 522 2346 ἐν
553 2290 593 2367 τῷ
625 2290 687 2366 ναῷ
711 2278 825 2362 Ῥώμης
855 2276 921 2343 κατ’
955 2282 1118 2363 ἐπιβουλήν

181 2471 214 2519 14
232 2464 497 2533 Psalm.103(104)
512 2469 554 2518 24.

182 2629 196 2677 1
216 2626 321 2693 κώμαις
339 2623 445 2678 BDFV
468 2622 670 2685 κοπαῑςο.-
694 2630 710 2677 2
729 2621 864 2693 αδθέρους
882 2623 904 2676 Β
928 2623 1010 2691 δέρος
1027 2624 1118 2679 Ν.-

109 2704 126 2751 3
145 2697 194 2749 καὶ
212 2696 241 2761 έξ
258 2696 306 2749 ΑΡ
328 2696 377 2750 καί
395 2712 445 2751 om.
461 2695 574 2749 τεΗ.-
593 2702 609 2749 6
629 2691 763 2749 κοικιίων
781 2696 830 2749 καί
847 2711 897 2749 om.
914 2695 938 2749 Β
960 2697 1010 2749 καὶ
1027 2713 1077 2751 om.
1092 2696 1119 2749 N

109 2776 135 2824 et
152 2766 205 2819 E·
194 2786 225 2821 νκ
243 2784 295 2837 quo
313 2769 394 2822 verba
417 2766 602 2822 ἐπικινδύνου
625 2765 678 2821 αίτ.
698 2766 763 2820 555
782 2764 943 2834 λεπτότερος
961 2773 1025 2893 μοιβ
1046 2768 1119 2822 δινά-

108 2858 188 2906 τερος
214 2840 317 2893 inserta
344 2844 474 2893 sunt.-
505 2844 536 2892 15
563 2836 666 2907 σοφίας
693 2837 844 2906 ένέπίησας
866 2837 983 2892 ABP5
970 2835 1051 2893 ένέπί
1051 2856 1121 2907 ησας

110 2907 212 2979 σοφίας
233 2908 352 2963 rell.-
318 2908 410 2963 -ιά
429 2929 457 2964 τε
477 2911 516 2979 (τε
535 2926 584 2964 om
603 2909 638 2979 A)
659 2908 733 2977 έμψυ
691 2919 769 2981 ψυχα
792 2909 840 2962 καί
863 2908 882 2963 ά
925 2929 962 2980 χα
983 2859 1068 2963 ΑΡΣΤη
1084 2910 1120 2963 τά

109 3001 139 3036 τε
158 2981 256 3052 άψυχα
279 2980 328 3033 καί
351 2980 461 3053 ἔμψυχα
480 2980 503 3033 Β
530 2978 565 3034 τά
583 3000 612 3035 τε
631 2980 706 3049 έ
644 2990 743 3052 μψυχα
766 2980 814 3034 καὶ
832 2979 867 3034 τὰ
855 2919 964 3051 δήυχ
965 3000 984 3032 α
1001 2978 1061 3035 rell.
1086 3013 1120 3021 -

101 3058 145 3107 ·18
163 3061 239 3107 ιῖτον
253 3051 357 3105 BEFV
372 3057 398 3105 et
409 3068 480 3106 rece.
495 3052 668 3121 quidam.-
686 3050 808 3119 ἀδελφὸς
821 3050 871 3103 ΒΡ
890 3050 905 3105 5
920 3052 1042 3120 ἀδελφὸς
1059 3052 1119 3106 rell.

184 3217 216 3265 14
233 3210 303 3281 μέγα
316 3209 420 3279 νοήσας
433 3212 470 3273 ὡς
483 3213 532 3265 καὶ
545 3210 793 3281 προαναφωνήσας
807 3208 893 3280 φησίν
907 3210 986 3265 P.
1006 3216 1039 3264 16
1054 3214 1121 3267 Post

112 3283 190 3355 ἄψυχ
192 3284 246 3337 αΡ
264 3284 345 3337 αδδ.
362 3283 411 3336 καὶ
428 3279 470 3346 τίς
489 3284 522 3337 ού
536 3282 720 3352 θαυμάσειεν,
739 3281 787 3336 ίνα
804 3282 840 3335 τά
857 3280 946 3337 πολλὰ
958 3290 1014 3336 των
1032 3282 1079 3353 5
1081 3304 1120 3338 ων

111 3356 199 3409 αύτού
217 3351 442 3423 παραίείψαντες
459 3353 552 3408 διδι
526 3374 558 3408 το
573 3360 660 3423 μήκος
671 3362 722 3408 τοῦ
735 3352 829 3422 λόγου,
845 3353 896 3408 τόν
910 3350 989 3422 ήίιον
1007 3355 1055 3407 καὶ
1068 3355 1120 3423 τὴν

112 3424 230 3494 σελήνην
243 3425 458 3495 έπιμνησδῶμεν
477 3427 526 3479 καὶ
543 3426 593 3479 τὸν
606 3426 712 3480 τούτων
726 3422 872 3479 άπαυστόν
885 3444 915 3479 τε
929 3425 978 3478 καί
987 3425 1121 3479 εὔτακτον

111 3496 218 3565 δρόμον
232 3497 271 3559 εἰς
284 3494 435 3566 εύκρασίαν
454 3497 502 3551 καὶ
516 3496 648 3551 σύστασιν
661 3505 717 3550 τῶν
731 3495 836 3587 ζύωγ
821 3495 955 3551 ακάντων
969 3495 1020 3564 μέν
1039 3496 1121 3585 σύδη-

111 3571 161 3622 ίον
180 3564 230 3633 ὅτι,
248 3568 365 3637 μάλιστα
384 3567 415 3624 δέ
433 3577 482 3623 τού
501 3564 686 3636 ἀνθρωπίνου
704 3564 894 3638 συγκρίματος.
922 3566 1049 3637 τρέχουσι
1067 3567 1120 3637 γάρ

113 3656 199 3708 φησιν
218 3610 233 3693 5
252 3641 431 3711 δαμασκηνὸς
449 3640 523 3707 ἱερὸς
540 3638 663 3708 ίωάννης
680 3636 787 3709 δρόμον
805 3638 933 3708 ἄληκτον
