2617 3909
175 231 241 297 602
485 234 672 287 mmor
689 235 872 287 Μοαλκοε

236 376 470 464 ’Τποστρέφοντι
488 380 521 443 δὲ
536 376 707 467 Ἰἀτιφανίηι
728 382 761 444 ἐν
778 383 893 469 Κύπρῳ
911 383 967 463 τὴν
984 383 1093 445 ἑαυτοῦ
1111 385 1197 466 παρὰ
1308 350 1309 363 ¹

174 485 250 543 θεοῦ
280 480 416 560 τελευτὴν
447 480 629 560 μεμαθηκὼς
661 482 881 560 πλησιάζουσαν
906 479 1017 563 λέγεται
1042 481 1197 563 εἰρηκέναι
1307 469 1308 488 ³

175 584 237 652 τοῖς
264 578 356 641 αύτδν
382 577 642 659 παραπέμπουσιν·
673 579 792 640 σπεύδω
819 578 891 660 ἐγώ,
918 579 1051 660 σπεύδω,
1078 578 1196 660 ἀφίημι

176 674 208 739 δὲ
231 675 303 755 ύμῖν
325 676 360 737 τά
383 676 515 756 βασίλεια
537 676 587 737 καί
610 676 666 755 τὴν
688 676 776 739 πόλιν
798 676 848 738 καί
870 677 926 757 τὴν
948 676 1114 758 ύπόιιρισιν.
1159 680 1197 751 ὅς

149 795 207 856 εγε
229 772 280 835 καί
295 766 419 858 Ἰωάννη
442 774 497 853 τὴν
519 774 552 836 ἐν
570 774 669 859 ἕξορίηι
691 774 828 854 τελευτὴν
848 773 900 836 καί
921 776 1010 854 νίκην
1032 775 1195 857 ἐδήλωσεν,

175 870 225 933 καί
244 866 386 951 Ἰωάννης
408 870 518 951 δμοίως
537 866 707 958 Ἐπιφανίηι
732 872 787 951 την
810 872 843 934 ἒν
864 878 905 956 τῷ
923 874 1017 959 πλοίῳ
1039 874 1195 955 τιοίμησιν,

175 968 208 1031 ίιι
235 970 320 1042 θείας
346 968 501 1043 ἐπιπνοίας
529 979 620 1031 ταῦτα
646 968 872 1050 προμυηθίντες
900 971 933 1031 οί
957 970 1110 1052 μακάριοι,
1141 972 1196 1032 ἵνα

176 1065 217 1146 μή
236 1089 280 1139 τις
298 1066 409 1148 ἔχθραν
431 1066 507 1147 ἔχειν
530 1066 640 1141 αύτούς
658 1062 721 1128 κατ’
742 1066 878 1147 ἀλλήλων
895 1066 1116 1130 ύποτοπάσειεν.
1153 1070 1195 1131 ού

174 1162 231 1246 γὰρ
253 1162 292 1225 ἀν
314 1165 346 1226 οί
366 1173 495 1227 τοιοῦτοι
516 1164 660 1248 θεηγόροι
686 1165 736 1228 καί
762 1171 915 1245 θεοφιλεῖς
942 1166 1114 1229 διδάσκαλοι
1140 1168 1196 1229 ιταί

136 1284 162 1324 ιο
175 1272 228 1326 τού
255 1263 447 1346 είρηνοποιού
470 1268 600 1346 Χριστοῦ
628 1263 763 1343 μαθηταί
788 1264 907 1346 γνήσιοι
934 1274 987 1326 τού
1010 1266 1194 1344 φάσκοντος

75 1384 115 1423 τοι
129 1382 160 1422 ει.
175 1360 208 1423 ἐν
239 1363 332 1447 τούτῳ
363 1362 528 1443 γνώσονται
559 1362 666 1435 πάντες
698 1361 743 1423 ὅτι
774 1363 911 1442 μαθηταί
940 1371 998 1441 μού
1029 1362 1106 1444 ἕστε,
1138 1363 1196 1425 ἐὰν

175 1458 295 1541 ἀγάπην
318 1460 392 1541 ἔχετε
415 1454 476 1539 μετ’
497 1458 642 1541 ἀλλήλων,
665 1459 777 1541 ἔχθραν
798 1458 850 1521 ιιαί
872 1461 979 1521 πανίαν
1001 1460 1115 1541 ἔχοντες
1131 1460 1193 1522 ἕτε-

176 1557 331 1635 λεύτησαν·
359 1555 461 1639 ἀπαγε.
507 1557 536 1619 εί
561 1556 617 1639 γὰρ
644 1556 695 1618 ιιαί
721 1558 828 1638 μικρὸν
854 1558 1022 1619 σκάνδαλον
1043 1559 1077 1621 τδ
1099 1580 1193 1641 προρ-

176 1651 272 1735 ρηθὲν
299 1652 400 1736 γίγονε
433 1654 539 1733 μεταξύ
571 1653 626 1733 τὴν
654 1652 853 1737 ἀνθρωπίνην
883 1654 1047 1717 ἀσθένειαν
1074 1655 1195 1738 ἐλέγχον

137 1773 162 1813 ιε
176 1749 251 1832 πρὸς
281 1748 395 1832 ὀλίγον,
427 1746 490 1813 ἀλλ’
517 1743 573 1813 ούν
600 1775 632 1832 γε
663 1759 777 1815 θάττον
807 1754 850 1827 είς
879 1753 935 1833 τὴν
961 1754 1101 1837 κορυφὴν
1131 1765 1197 1817 τῶν

176 1846 288 1930 ἀρετῶν
316 1841 409 1922 αύθις
436 1848 616 1931 ἀνήχθησαν
642 1850 779 1932 ἀγάπην,
810 1850 877 1932 περί
903 1844 941 1931 ἧς
968 1850 1043 1932 λέγει
1069 1857 1196 1927 Παῦλος

177 1945 193 2009 δ
212 1944 385 2022 ἀπόστολος·
409 1944 429 2027 ἡ
448 1946 550 2029 ἀγάπη
569 1954 768 2031 μακροθυμεῖ,
790 1950 985 2031 χρηστεύεται,
1006 1950 1043 2011 ού
1060 1951 1195 2030 παροξύ-

176 2068 267 2126 νεται,
291 2045 328 2107 ού
351 2046 491 2127 λογίζεται
513 2045 546 2108 τδ
569 2047 673 2128 παιιόν,
696 2046 747 2109 ιιαλ
769 2046 826 2109 ότι·
850 2045 867 2109 δ
885 2046 957 2121 θεὸς
979 2045 1081 2129 ἀγάπη
1102 2047 1195 2128 ἐστίν,

176 2142 227 2205 καί
250 2143 266 2207 δ
289 2142 387 2224 μένων
409 2144 442 2206 ἐν
464 2154 500 2231 τῇ
524 2142 625 2230 ἀγάπη
648 2145 681 2207 ἕν
703 2151 743 2230 τῷ
762 2150 824 2229 θεῷ
844 2143 932 2224 μένει.

249 2339 317 2387 1-7
333 2334 384 2388 Th.
399 2334 429 2388 L.
444 2335 479 2401 cs.
489 2334 554 2389 Exo.
570 2334 633 2389 Βοε.
645 2334 770 2404 Theoph.
778 2351 807 2403 p.
819 2339 862 2401 79,
872 2340 906 2389 23
925 2335 980 2388 Leo
995 2332 1041 2390 Gr.
1052 2350 1083 2403 μ.
1095 2339 1195 2404 106,1.

176 2437 211 2445 -
232 2411 264 2459 11
284 2404 346 2461 Joh.
365 2411 408 2473 ιο,
423 2411 466 2460 οε.
489 2438 524 2446 -
548 2412 581 2459 ιι
602 2413 626 2460 1.
641 2405 702 2461 eor.
719 2411 765 2472 ιε,
780 2412 805 2460 ι.
824 2437 859 2446 -
879 2410 912 2461 18
933 2411 956 2459 1.
970 2405 1032 2459 Joh.
1049 2412 1080 2473 ε,
1095 2411 1137 2460 16.
1158 2438 1194 2447 -

248 2586 264 2633 3
284 2580 386 2636 ἑαυτὸν
404 2581 469 2637 ΒΜ.
495 2614 530 2623 -
553 2583 664 2637 σπεύδω
688 2584 741 2654 ἐγὼ
760 2582 871 2639 σπεύδω
889 2582 1042 2638 ABCPRV
1050 2583 1196 2639 Emboo,

177 2652 287 2707 σπεύδω
311 2659 376 2721 post
397 2652 450 2724 ἐγὼ
473 2669 523 2707 om.
544 2652 621 2707 EFN
631 2654 708 2708 Theo
729 2654 756 2707 h.
781 2686 814 2695 —
843 2660 859 2709 5
883 2673 899 2707 τ
962 2652 1075 2723 ἐξορίαν
1100 2658 1195 2711 τελευ·

176 2722 228 2792 τὴν
246 2722 276 2776 Μ
294 2730 320 2778 et
337 2739 407 2777 εοοα.
428 2724 544 2792 quidam
566 2724 618 2793 τὴν
641 2724 703 2792 ἐξορ
757 2726 886 2796 τελευτὴν
952 2734 978 2782 et
994 2743 1067 2781 unus
1086 2742 1103 2781 ο
1120 2743 1195 2781 roco.

177 2795 209 2849 εὀε
226 2800 341 2865 utroque
359 2794 390 2849 ἐν
407 2811 462 2864 spr.
476 2812 543 2850 vers.
558 2796 623 2850 add.
641 2796 693 2866 τὴν
711 2797 824 2866 ἐξορίοιν
841 2798 891 2851 καί
904 2797 956 2867 τὴν
968 2797 1098 2867 τελευτὴν
1111 2798 1142 2852 1⁴¹.
1158 2830 1194 2839 —

178 2872 211 2921 11
232 2862 273 2921 ότι
292 2866 353 2935 ἐμοί
371 2870 440 2935 μαθ.
460 2865 520 2922 ἐστί
537 2866 653 2921 FPJoh.
670 2899 703 2908 —
724 2874 757 2921 12
777 2868 849 2940 ἔχετε
868 2871 938 2938 (ται
951 2869 1017 2939 ΑΜ)
1035 2868 1198 2923 AOEFNP

178 2937 256 3063 ἔγητε
278 2936 327 2993 BV
349 2944 375 2993 et
396 2954 467 2993 rece.
487 2937 611 3008 quidam.
639 2970 674 2979 -
705 2945 738 2992 16
760 2941 825 3010 περὶ
850 2935 884 3007 ἧς
905 2959 934 2994 π.
959 2940 974 2995 δ
998 2938 1096 2995 ἀπόστ.
1120 2939 1197 3011 λέγει

178 3008 354 3080 <mum

251 3193 265 3239 1
294 3186 363 3255 μετά
391 3188 422 3243 δὲ
450 3188 502 3258 τὴν
529 3184 642 3256 ἐξορίαν
675 3188 799 3244 ίωάννου
830 3187 916 3244 πάλιν
945 3187 1097 3258 ἐπιφάνιος
1122 3189 1196 3244 ὑπο·

178 3254 306 3325 στρέφων
324 3258 354 3312 ἐν
372 3278 398 3312 τι.
418 3259 449 3313 P.
470 3291 502 3299 —
523 3266 538 3315 2
557 3259 682 3329 πλησιάζ.
703 3261 758 3329 ἔφη
776 3268 836 3323 τοῖς
853 3258 1090 3330 παραπέμπουσιν
1108 3260 1138 3314 Ρ.
1158 3292 1193 3301 -

179 3333 194 3381 3
220 3328 330 3383 σπεύδω
354 3328 405 3397 μὲν
427 3330 456 3383 P.
486 3362 520 3371 -
547 3337 561 3385 7
586 3332 613 3386 οί
641 3331 787 3401 μακάριοι]
815 3328 928 3393 εἰκότως
950 3331 980 3385 P.
1008 3362 1043 3371 -
1070 3337 1103 3385 13
1127 3332 1196 3387 Post

178 3398 270 3469 ἀπαγε
288 3398 311 3452 Ρ
329 3400 408 3453 οόά..·
430 3408 480 3455 τού
499 3400 655 3458 ἀποστόλου
678 3402 796 3471 μάλιστα
818 3401 976 3472 διαρρήδην
998 3404 1131 3474 βοῶντος·
1156 3403 1194 3472 μὴ

179 3467 313 3525 ἐπιδυέτω
332 3469 347 3524 δ
366 3466 444 3539 ἥλιος
462 3472 508 3527 ἐπὶ
526 3481 588 3537 ταῖς
605 3472 719 3536 κακίαις
737 3474 815 3541 ύμδιν
833 3472 914 3543 (Eph.
929 3479 955 3540 4,
971 3477 1015 3543 26)
1033 3473 1194 3535 ἀκούοντες.

178 3572 213 3581 -
243 3545 283 3595 16.
301 3545 332 3594 1’ί
356 3540 526 3611 ἀνήχθησαν
553 3542 708 3613 ἀμφότεροι
734 3542 847 3608 πάντως
874 3543 988 3616 ἀγάπην
1014 3544 1054 3606 είς
1076 3544 1196 3607 ἑαυτούς

178 3610 315 3681 λέγοντες·
335 3610 353 3680 ἡ
372 3610 468 3683 ἀγάπη
487 3633 567 3682 μακρ.
586 3614 616 3668 Ρ.
1195 3644 1198 3655 ·
