2617 3909
187 223 252 287 724
500 225 687 277 ΓΕΩΡΙῚΟΤ
705 225 888 278 ΜΟΝΑΧΟΤ

185 368 226 444 ὥς
248 369 411 454 δΧριστδς
433 369 450 433 δ
471 372 576 434 εἰπάν·
600 373 680 446 ὅστις
702 395 738 451 με
760 371 925 453 ἀρνήσηται
948 371 1118 452 ἔμπροσθεν
1144 383 1205 434 τῶν

184 467 372 551 ἀνθρώπιον,
404 468 572 552 ἀρνήσομαι
598 470 691 532 αὐτὸν
718 469 806 552 κάγώ.
853 466 916 532 ἀλλ’
944 469 1001 552 ίγὼ
1028 469 1114 552 λέγω·
1150 479 1206 532 τοῦ

184 565 371 648 ἀρνουμένου
388 590 425 648 με
441 567 612 648 ἔμπροσθεν
629 579 689 630 τῶν
705 567 877 649 ἀνθρώπων
896 567 947 628 καὶ
964 574 1004 652 τῷ
1019 567 1128 646 ψεόδει
1148 569 1204 646 τὴν

184 665 297 726 οἰκείαν
324 666 472 746 σωτηρίαν
498 665 694 747 ποριζομένου
721 663 762 740 ὡς
790 665 831 745 μδ
859 663 1047 747 ἀρνουμένου
1070 689 1114 745 με.
1134 666 1206 744 μετὰ

157 774 275 846 σχαρᾶς
303 762 502 844 προσδέχομαι
527 763 579 825 καί
605 764 660 843 τὴν
688 763 852 844 ἀνάκλησιν
881 763 931 824 καὶ
958 764 990 826 τὸ
1018 765 1136 841 ψεῦδος
1166 763 1206 836 ὡς

185 861 240 939 τὴν
262 860 337 942 πρδς
357 859 408 940 έμέ
431 860 592 943 ὁμολογίαν
613 861 801 935 ἀνευθύνως.
1154 869 1155 874 ’

246 953 374 1036 Ὁμοίως
397 958 496 1039 μέντοι
518 959 568 1020 καί
590 959 662 1034 τοὺς
679 959 895 1043 πρεσβυτέρους
916 959 967 1020 καὶ
990 959 1060 1033 τοὺς
1078 960 1204 1034 λοιποὺς

183 1056 270 1138 ίερεῖς
296 1056 367 1131 τοῦς
392 1051 463 1137 παρ’
489 1055 564 1137 ἡμῖν
589 1056 817 1139 ἀποβάλλονται.
862 1056 970 1119 ἐκεῖνοι
1000 1054 1032 1118 δὲ
1060 1056 1111 1118 καὶ
1134 1058 1204 1130 τοὺς

182 1153 269 1236 ίερεῖς
299 1154 399 1217 αὐτῶν
426 1155 633 1234 συνεκδήμους
660 1154 778 1237 λέγουσι
812 1155 862 1217 καλ
893 1157 1050 1235 νσταρίους
1072 1154 1204 1234 ἀδιαφό-

56 1271 169 1314 elom
181 1275 254 1332 ρους
280 1263 371 1315 πᾶσιν
398 1253 500 1326 αὐτοῖς
528 1251 615 1328 ὄντας
641 1253 693 1314 καὶ
719 1259 781 1327 τοῖς
804 1254 930 1334 σχήμασι
957 1252 1007 1314 καὶ
1037 1259 1103 1326 ταῖς
1125 1254 1202 1314 διαί-

184 1373 248 1424 ταις
275 1350 326 1412 καὶ
354 1352 435 1435 πάσῃ
462 1360 498 1436 τῇ
521 1361 575 1412 τοῦ
598 1357 705 1413 λοιποῦ
727 1352 797 1431 βίον
823 1360 998 1436 κατασκευῇ.
1043 1351 1143 1431 ἔχουσι
1172 1350 1202 1411 δὲ

183 1449 280 1509 πάντα
312 1448 348 1509 τὰ
379 1459 433 1510 τοῦ
464 1448 636 1530 εὐαγγελίου
667 1447 718 1510 καί
749 1457 802 1510 τοῦ
833 1447 998 1510 ἀποστόλου
1029 1448 1106 1528 ῥητὰ
1138 1450 1202 1509 διά-

184 1564 299 1626 στροφα
326 1547 401 1627 πρὸς
427 1545 463 1607 τδι
490 1542 561 1627 παρ’
586 1544 660 1626 ἡμῖν
688 1545 759 1608 όντα
785 1545 918 1627 ἐναντία,
944 1541 1016 1628 παρ’
1041 1545 1143 1607 αὐτῶν
1171 1545 1201 1607 δὲ
1287 1585 1288 1626 ρ

184 1641 364 1704 συντεθέντα
391 1641 433 1716 ὡς
455 1645 552 1723 δῆθεν
575 1642 741 1726 ἁρμόζοντα
762 1649 826 1716 ταῖς
848 1643 970 1716 οἰκείαις
997 1642 1098 1704 αὐτῶν
1124 1644 1201 1725 αἱρέ-

144 1760 170 1801 ιε
183 1757 272 1800 σεσιυ.
309 1739 350 1814 ὡς
367 1741 423 1822 γάρ
442 1741 554 1820 εἰρηται
573 1750 608 1826 τῇ
626 1751 728 1826 γραφῇ
749 1740 799 1802 καὶ
817 1745 879 1813 τοῖς
897 1740 995 1822 λόγοις
1013 1741 1110 1814 οὕτως
1128 1741 1201 1802 εἰσὶν

184 1834 225 1910 ὡς
246 1837 296 1899 καί
319 1838 355 1899 τὰ
372 1832 444 1920 παρ’
465 1835 539 1918 ἡμῖν
561 1838 779 1921 ἀπαράλλακτα,
801 1838 837 1898 τδι
858 1835 890 1899 δὲ
912 1839 1046 1918 νοήματα
1069 1837 1200 1920 διαστρέ-

184 1954 306 2012 φουσιν,
328 1934 433 2009 καθὼς
455 1934 652 2017 περὶτούτων
671 1935 851 2016 σαφέστερον
872 1935 905 1998 ἐν
922 1941 984 2010 τοῖς
1003 1936 1053 1997 διὰ
1071 1937 1201 2009 πλάτους

183 2057 234 2111 μοι
256 2031 392 2095 λέλεκται.
434 2043 636 2116 προσκυνοῦσι
660 2031 747 2096 δὲτὸ
770 2027 843 2116 παρ’
863 2031 937 2113 ἡμῖν
960 2031 1132 2115 εῦαγγίλιον
1155 2034 1200 2094 ὅτε

182 2132 264 2212 τόχοι
293 2131 349 2193 οῦκ
376 2130 409 2193 ἐν
431 2138 470 2214 τῷ
490 2138 617 2216 σταυρῷ,
644 2126 708 2192 ἀλλ’
734 2131 766 2193 ἐν
793 2137 832 2216 τῷ
851 2132 956 2216 βιβλίῳ
983 2129 1117 2213 λέγοντες
1144 2132 1199 2192 ότι·

143 2251 170 2290 εο
183 2228 264 2311 λόγοι
287 2239 339 2291 τοῦ
358 2234 489 2312 Χριστοῦ
512 2230 568 2291 είσι
590 2228 641 2290 καὶ
660 2229 710 2290 διὰ
728 2239 814 2291 τοῦτο
833 2229 944 2302 αὐτοὺς
962 2239 1197 2309 προσκυνοῦμεν.
1288 2247 1289 2308 3

183 2326 215 2388 ἓν
233 2326 374 2412 ἀσθενείᾳ
393 2327 425 2390 δὲ
439 2326 488 2389 καὶ
502 2328 585 2412 πόνῳ
604 2325 682 2401 τινὲς
700 2327 729 2402 ἐξ
744 2327 843 2389 αὐτῶν
862 2325 908 2388 ότε
922 2324 1129 2408 περιπέσωσιν,
1148 2327 1199 2387 τὸν
1288 2315 1289 2318 ¹

256 2497 270 2544 1
289 2489 391 2544 Matth.
408 2496 450 2557 10,
464 2496 506 2543 33.

255 2619 269 2666 1
289 2612 305 2666 ό
324 2619 388 2668 οπλα
406 2614 491 2667 εἰπών
510 2631 561 2668 om.
576 2614 634 2668 BP.
654 2647 688 2654 —
708 2614 871 2682 ἀρνήσειται
890 2616 968 2685 (-ειτε
982 2613 1015 2682 Ε)
1035 2612 1088 2666 DE
1111 2613 1199 2682 ἀρνή-

183 2700 260 2737 σεται
283 2684 367 2737 ARV.
391 2715 424 2723 —
449 2689 464 2736 ’λ
488 2686 554 2746 τοῦς
576 2687 691 2749 λοιποὺς
714 2685 762 2739 ΑΒ
789 2686 856 2749 τοῦς
878 2701 928 2740 om.
948 2685 1007 2739 rell.
1033 2717 1065 2724 -
1096 2690 1129 2738 18
1153 2683 1199 2740 ὅτε

182 2755 215 2808 τό
234 2775 261 2808 οι
279 2754 358 2879 AB&
384 2754 419 2823 (εί
441 2755 521 2826 τόγοι
539 2757 571 2826 Ρ)
595 2754 640 2812 ὅτε
663 2757 732 2830 τόχγ
754 2755 814 2810 rell.
840 2789 874 2797 -
897 2764 930 2810 21
955 2755 1155 2825 περιπέσουσιν
1174 2756 1200 2809 V

182 2844 203 2879 π
219 2842 304 2881 σωσιν
348 2869 353 2878 .

254 2966 270 3012 2
289 2959 338 3014 τὸν
356 2956 533 3029 ἀρνούμενόν
551 2980 584 3029 με
602 2960 742 3033 καταβίαν
761 2962 921 3032 ἔμπροσθεν
936 2960 965 3015 Ρ.
979 2993 1015 3002 -
1034 2968 1051 3014 4
1071 2958 1149 3016 ἰδίαν
1168 2959 1198 3014 Ρ.

182 3063 217 3071 —-
234 3028 419 3121 ποριζόμενον
442 3032 480 3095 ὡς
492 3031 534 3157 μὴ
553 3032 749 3101 ἀρνησάμενόν
768 3052 800 3124 με
820 3035 962 3122 παντελῶς
979 3030 1110 3102 προσδέγ.
1129 3033 1199 3102 μετὰ

182 3101 1200 3230 ²“‘'“13'‘3²1⁰3322‘52512P'I2f§ffssssssssvffzffffm‘ssssssfzm

181 3188 323 3299 gg't'n‘P:
346 3243 440 3301 καίτοι
458 3265 488 3317 γε
512 3217 691 3315 διαστρόφοις
712 3246 747 3299 τά
766 3265 795 3301 τε
819 3193 941 3314 κόριαιίά
959 3218 1012 3301 καί
1026 3195 1198 3300 ἀποσάολικά

182 3312 263 3382 λόγια
285 3316 356 3371 κατὰ
378 3317 429 3372 τδν
447 3316 554 3370 οἰκεῖον
571 3317 678 3371 σκοπὸν
700 3315 853 3379 συνθέντες
873 3318 923 3371 καλ
945 3315 1200 3386 παραφθείραυτες

182 3383 211 3437 οἱ
224 3389 367 3454 θεομισεῖς
379 3389 429 3441 καὶ
442 3385 658 3455 διεφθαρμένοι.
690 3388 739 3441 καί
758 3396 828 3456 γοῦν
846 3387 877 3442 ἐν
889 3397 953 3450 ταῖς
966 3385 1125 3458 ἐκκλησίαις
1141 3397 1199 3444 τῶν

182 3453 348 3522 όρθοδόξων
367 3457 467 3512 ἔσθοτε
480 3457 703 3526 παραγινόμενοι
720 3460 769 3512 καὶ
786 3467 842 3514 τῶν
856 3457 1013 3528 μυστηρίων
1030 3459 1100 3514 ἔνιοι
1114 3479 1198 3527 μετα-

183 3525 382 3596 λαμβάνουσιν,
401 3528 449 3580 καί
468 3526 537 3579 ἄλλα
554 3526 619 3580 τινὰ
637 3525 705 3594 μεθ’
721 3527 895 3597 ὑποκρίσεως
912 3532 961 3584 καὶ
979 3528 1065 3585 δόλου
1082 3548 1198 3598 προφα-

183 3603 238 3654 νῶς
254 3605 355 3649 ποιῶσι
380 3597 429 3652 διὰ
451 3596 483 3650 τδ
501 3596 681 3664 δυσφόρατον
703 3602 751 3652 καλ
774 3599 975 3656 πολυποίκιλόν
993 3621 1022 3656 τε
1045 3602 1093 3654 καλ
1112 3602 1199 3656 πολύ-
