2617 3909
535 238 725 290 XPONIKON
968 183 978 196 ⁸
1075 236 1139 301 681

124 385 274 448 δεστάτων
291 385 479 446 καταδύσεων
498 383 580 467 μέχρι
598 394 657 446 τῶν
675 387 882 466 καταχθονίων
899 386 932 448 ἐν
949 392 1012 459 τοῖς
1030 387 1141 465 δεσμω-

123 486 240 564 τηρίοις
270 492 323 544 τοῦ
354 478 446 567 ᾅδου,
478 483 556 544 ἔνθα
586 482 661 545 εἰσίν
691 484 725 544 αἱ
749 483 845 565 ψνχαλ
875 494 935 545 τῶν
962 482 1142 565 ἁμαρτωλῶν

123 580 386 660 ἀποκεκλεισμένοι
412 581 455 653 είς
481 590 540 661 γῆν
566 581 721 661 σκοτεινήν
748 581 798 643 καλ
824 583 990 664 γνοφεράν,
1020 583 1061 656 εἰς
1083 591 1141 662 γῆν

124 679 251 754 σκότους
273 680 407 758 αἰωνίου,
430 672 467 741 οό
490 679 547 740 οὐκ
569 679 629 740 ἔστι
651 678 761 762 φέγγος
779 678 849 742 ούδέ
872 678 946 761 δρᾶν
968 679 1048 759 ζωήν
1069 682 1141 761 βρο-

122 789 199 859 τῶν,
231 776 272 851 ὧς
302 775 475 859 γέγραπται,
507 773 570 838 ἀλλ’
596 775 691 857 ὀδύνη
723 777 774 839 καλ
804 780 912 856 θλίψις
939 779 1060 850 αἰώνιος
1090 777 1141 839 καλ
1168 798 1180 838 τ

122 877 363 959 ἀπαραμύθητος
388 874 439 936 καλ
471 876 630 956 στεναγμός
656 874 803 957 ἀσίγητος.
853 875 973 950 ἕκαστος
998 876 1055 958 γὰρ
1082 886 1141 937 τῶν

121 975 216 1038 ἐκεῖσε
239 973 436 1053 μνημονεύων
464 972 516 1046 τὰς
537 972 672 1054 πονηράς
695 973 788 1036 αὐτοῦ
811 975 930 1055 πράξεις
951 973 1001 1036 καί
1028 973 1141 1036 ἐννοῶν

121 1083 189 1146 πῶς
215 1071 428 1152 ἀπολογήσεται
455 1077 494 1156 τῷ
518 1069 669 1158 ἀδεκάστρι
696 1081 780 1156 κριτῇ
808 1072 858 1134 καλ
889 1083 953 1146 πῶς
984 1071 1038 1151 τήν
1070 1070 1140 1134 ἀπέ-

120 1193 235 1254 ραντον
256 1168 378 1230 κόλασιν
399 1168 606 1250 ἀποστήσεται,
629 1170 734 1244 δεινῶς
756 1177 796 1254 τῷ
820 1172 966 1233 συνειδότι
989 1171 1140 1252 προβασα-

123 1270 247 1347 νίζεται,
278 1266 329 1328 καλ
359 1266 434 1349 πρδς
465 1267 581 1341 τούτοις
611 1266 857 1349 ἀναλογιζόμενος
887 1269 939 1332 τὸν
971 1268 1029 1330 ἀπὸ
1061 1274 1137 1342 θεοῦ
1153 1290 1179 1329 10

121 1365 274 1447 χωρισμόν
300 1363 350 1425 καλ
376 1373 429 1443 τῆς
457 1364 547 1445 δόξης
575 1375 634 1427 τῶν
662 1363 755 1447 άγίων
782 1366 875 1428 αὐτοῦ
906 1366 957 1428 καλ
988 1366 1043 1446 τήν
1070 1366 1140 1446 μετὰ

122 1473 180 1526 τοῦ
208 1460 349 1542 διαβόλου
375 1461 427 1522 καί
453 1471 512 1523 τῶν
540 1463 693 1542 δαιμόνων
718 1466 896 1545 καταδίκην,
927 1462 1063 1526 άπαυστα
1090 1462 1140 1526 καί

121 1560 337 1643 ἀπαρηγόρητα
359 1564 492 1621 λυπεῖται
518 1559 568 1622 καλ
591 1562 727 1636 στενάζει.
773 1556 842 1641 μεθ’
863 1555 906 1625 ὧν
928 1562 961 1645 γέ
987 1585 1032 1624 τοι
1059 1561 1140 1644 κάγδι

121 1657 402 1741 συγκατακλεισθελς
424 1656 473 1719 καλ
492 1665 615 1720 πενθῶν
632 1658 692 1742 δρῶ
711 1660 781 1735 τοὺς
800 1661 856 1723 δύο
874 1661 1048 1734 νεανίσκους
1066 1661 1140 1724 ἐκεί-

122 1780 199 1832 νους
229 1755 372 1829 ἐλθόντας
402 1754 520 1818 κάκεῖσε
551 1757 656 1819 πάλιν·
690 1757 743 1832 οὓς
776 1760 956 1838 δυσωπήσας
987 1758 1139 1841 ἐξαγαγεῖν
1154 1780 1179 1821 ιο

122 1879 161 1936 με
187 1866 240 1935 τῆς
267 1856 398 1937 φοβερᾶς
427 1854 543 1934 ἐκείνης
575 1860 713 1936 φυλακῆς
739 1878 769 1917 τε
800 1855 851 1918 καλ
882 1856 1027 1939 ἀνάγκης,
1060 1858 1141 1931 ὅπως

122 1953 310 2035 μετανοήσω,
336 1951 411 2032 φησί
433 1953 510 2034 πρός
531 1971 579 2033 με·
609 1955 706 2034 μάτην
732 1960 918 2035 παρακαλεῖς.
964 1954 1062 2029 ούδελς
1084 1956 1140 2038 γὰρ

121 2051 267 2134 ἐξέρχεται
290 2060 350 2112 τῶν
372 2050 505 2113 ἐνταῦθα
528 2049 610 2131 μέχρι
636 2061 690 2130 τῆς
712 2061 817 2130 κοινῆς
839 2051 1031 2125 ἀναστάσεως.
1077 2053 1140 2115 ἐπι-

124 2149 266 2229 μένοντος
288 2147 321 2210 δέ
344 2171 402 2228 μου
424 2157 460 2233 τῇ
484 2149 665 2230 παρακλήσει
687 2147 737 2209 καλ
759 2148 906 2230 λέγοντος·
936 2149 1070 2228 ἐλεήσατέ
1092 2168 1138 2230 με·

126 2247 164 2310 ού
191 2245 247 2329 γὰρ
274 2242 359 2330 ᾔδειν
391 2246 436 2307 ότι
464 2247 556 2306 ταῦτά
583 2269 634 2325 μοι
666 2246 859 2326 συμβήσεται,
890 2246 941 2308 καλ
973 2246 1022 2309 διά
1053 2257 1139 2310 τοῦτο
1154 2269 1180 2308 ιο

122 2345 256 2427 γνησίως
278 2342 337 2404 ἀπὸ
360 2352 413 2404 τοῦ
436 2352 494 2404 νῦν
514 2344 686 2422 μετανοήσω
709 2342 759 2404 καλ
781 2344 941 2425 γενήσομαι
965 2345 1039 2427 πρὸς
1061 2343 1139 2424 ἀφί-

124 2449 206 2504 λειαν
228 2445 359 2521 πολλῶν,
387 2441 415 2502 εί
440 2440 514 2524 πρὸς
541 2441 596 2521 τήν
623 2440 672 2503 ἐπλ
695 2451 751 2524 γῆς
774 2442 853 2522 ζωήν
876 2435 968 2517 αὖθις
990 2443 1138 2524 ἐπανήξω,

196 2627 213 2676 3
231 2622 306 2678 Hiob
326 2626 368 2690 10,
383 2627 425 2676 21.

197 2772 211 2819 1
230 2760 431 2837 καταχθονίων
449 2764 497 2818 καλ
514 2761 711 2834 δεσμωτηρίων
732 2772 782 2820 τοῦ
802 2765 873 2820 ἅδον
892 2764 918 2818 V
942 2764 1136 2836 δεσμωτηρίων

123 2837 173 2891 καλ
187 2833 385 2906 καταχθονίων
398 2843 449 2890 τοῦ
463 2834 535 2889 άδου
545 2835 575 2889 L.
587 2868 620 2876 —
631 2841 648 2889 8
662 2836 810 2906 γνωφεράν
825 2837 855 2890 Μ
868 2837 996 2907 ζωφεράν
1011 2837 1032 2891 0
1042 2837 1137 2892 Gomb.

120 2907 251 2979 φοβεράν
264 2907 297 2961 V.
313 2939 346 2947 —
361 2912 379 2958 4
397 2908 504 2978 βροτῶν
522 2906 595 2973 ζωήν
609 2906 668 2962 RV.
683 2939 718 2948 —
733 2913 766 2963 13
785 2911 912 2963 λυπεῖται
926 2911 974 2964 καλ
988 2925 1039 2964 ονε.
1054 2908 1088 2962 N.
1104 2941 1138 2949 -

124 2985 159 3033 14
177 2979 243 3040 τοὺς
261 2975 425 3040 νεανίσκους
446 2978 512 3040 τοὺς
534 2978 586 3032 δύο
609 2975 790 3040 εἰσελθόντας
813 2981 873 3048 (om.
893 2977 1029 3048 ἐκείνους)
1046 2981 1080 3034 Α.
1104 3012 1138 3020 -

124 3056 159 3104 16
178 3052 306 3118 φυλακῆς
328 3050 453 3120 φοβερᾶς
475 3045 584 3118 ἐκείνης
605 3068 635 3104 τε
658 3050 707 3103 καλ
725 3049 750 3103 Β
772 3053 901 3119 φυλακῆς
917 3069 946 3105 τε
969 3051 1017 3104 καλ
1036 3068 1086 3106 om.
1106 3052 1137 3105 B.

118 3153 159 3162 -
179 3127 212 3175 17
230 3117 281 3174 καλ
299 3136 368 3188 φησι
383 3118 407 3173 G
426 3121 532 3189 φαολΒ
552 3118 601 3175 καί
615 3138 686 3190 φασι
700 3121 726 3173 Β
744 3116 825 3176 εἷπον
839 3121 872 3176 V.
888 3152 924 3161 -
941 3120 1032 3191 μάτην
1045 3141 1137 3190 παρα-

119 3195 218 3256 καλεῖς
234 3191 308 3261 ἡμᾶς
325 3192 348 3245 Β
371 3190 461 3260 μάτην
482 3191 556 3260 ἡμᾶς
577 3195 763 3259 παρακαλεῖς,
786 3190 876 3262 μάτην
894 3196 1031 3256 δυσωπεῑς
1049 3193 1081 3248 V.
1103 3227 1137 3235 —

125 3269 158 3318 19
177 3283 231 3334 μου
249 3262 282 3318 δὲ
299 3262 329 3315 Μ
351 3281 405 3331 μου
423 3279 473 3317 om.
489 3263 521 3316 R.
542 3295 575 3304 -
594 3270 628 3318 21
647 3262 809 3332 μετανοήσω
826 3263 884 3318 ἀπὸ
903 3273 953 3319 τοῦ
971 3273 1024 3320 νῦν
1037 3266 1062 3318 Α
1081 3266 1138 3320 ἀπὸ
1234 3295 1238 3310 =

119 3343 174 3389 τοῦ
192 3343 245 3390 νῦν
263 3351 314 3389 om.
328 3350 400 3388 τοοο.
415 3334 555 3402 quidam:

196 3475 439 3545 8άπολογήοηται
461 3475 491 3528 Ρ.
516 3508 550 3517 -
575 3482 608 3530 14
627 3474 751 3540 ἐκείνους
773 3493 823 3532 om.
842 3477 872 3531 P.
896 3509 932 3519 -
956 3483 988 3531 17
1011 3475 1082 3543 πρός
1105 3497 1139 3546 με

120 3564 175 3603 om.
194 3546 224 3602 P.
249 3579 283 3588 -
306 3552 341 3601 20
361 3556 478 3602 τοιαῦτα
496 3546 526 3601 P.
551 3579 585 3588 —
608 3547 780 3619 σνμβήσοντε
797 3555 863 3604 ml
887 3557 919 3604 ut
940 3550 995 3604 vid.
1015 3565 1084 3603 corr.
1104 3565 1138 3603 ex

120 3616 275 3690 ουμβήοετε
294 3618 323 3674 P.
