2617 3909
545 232 736 282 XPONIKON
1082 228 1149 292 573

134 381 330 459 διελθουσῶν,
353 378 403 439 καλ
423 387 477 439 τοῦ
496 379 667 459 σπαθαρίου
690 377 911 458 κατεπείγοντος
931 375 983 438 τὸν
999 372 1149 457 Ἀρσένιον

131 486 186 538 τοῦ
210 472 249 538 δι’
271 477 448 555 οίουδήποτε
470 476 582 558 τρόπον
605 485 698 537 σῶσαι
720 474 837 556 ἔαυτόν,
860 473 909 535 καὶ
932 475 1040 535 τούτου
1063 474 1148 536 όιδια-

134 576 257 649 λείπτως
284 574 458 655 εὐχομένου,
490 566 585 654 ήλθεν
617 574 697 658 αὐτῷ
725 572 814 653 φωνή
842 572 979 653 λέγουσα·
1010 566 1148 652 Ἁρσένιε,

136 682 227 753 φεῦγε
250 670 319 745 τοὺς
342 670 524 753 ἀνθρώπους
550 671 599 733 καί
623 672 709 755 σώζη.
755 671 864 750 ταύτης
888 663 945 731 οὖν
967 680 1020 751 τῆς
1043 680 1148 750 φωνῆς

132 770 263 844 ἀκούσας
290 769 396 849 μηδενὶ
424 768 517 849 μηδὲν
542 769 682 851 εἰρηκώς,
709 764 772 830 ἀλλ’
794 770 907 849 ἐσθῆτα
934 769 1034 849 εὐτελῆ
1060 768 1148 830 ἐνδυ·
1176 793 1189 833 5

132 869 275 947 σόμενος,
297 873 445 947 κατῆλθεν
464 868 506 940 είς
523 867 575 930 τὸν
595 866 698 946 λιμένα
720 866 770 928 καὶ
790 861 853 927 κατ’
875 867 1049 946 οἰκονομίαν
1072 873 1148 929 θεοῦ

132 964 229 1048 εὑρὼν
253 965 342 1027 ἐκεῖσε
366 970 470 1026 πλοῖον
497 963 548 1025 καί
571 964 663 1044 ἐμβὰς
685 965 727 1038 είς
750 964 822 1025 αὐτὸ
845 957 940 1044 ήλθεν
963 966 995 1027 έν
1015 961 1148 1039 Ἀλεξαν-

133 1065 216 1149 δρείρι
238 1062 288 1123 καὶ
310 1062 549 1145 όιποθριξοίμενος
572 1062 710 1144 ὥρμησεν
733 1063 775 1135 είς
792 1063 847 1141 τήν
866 1063 977 1143 ἔρημον
995 1073 1048 1143 τῆς
1066 1063 1149 1140 Σκή-

132 1184 204 1234 τεως
229 1159 279 1222 καὶ
301 1160 392 1222 ἐκεῖσε
415 1159 551 1242 διέπρεπε
574 1160 731 1241 διαφόροις
756 1160 994 1242 κατορθώμασιν.
1039 1159 1149 1239 ήκουσε

133 1258 165 1321 δὲ
193 1258 283 1319 πόλιν
311 1268 416 1337 φωνῆς
444 1258 586 1339 λεγούσης
613 1256 702 1341 αὐτῷ·
730 1253 873 1338 Ἁρσένιε,
906 1267 1010 1338 φεῦγε,
1042 1258 1148 1337 σιώπα,
1162 1282 1189 1321 10

135 1353 269 1435 ήσόχαζε.
315 1348 401 1416 αὗται
423 1356 479 1437 γάρ
502 1355 576 1417 εἰσιν
599 1356 634 1415 αἱ
653 1355 731 1435 ῥίζαι
752 1364 805 1433 τῆς
828 1353 1056 1435 όιναμαρτησίας.

198 1446 231 1514 ‘0
253 1450 284 1514 δὲ
308 1453 445 1533 βασιλεὺς
471 1452 629 1525 Θεοδόσιος
656 1452 736 1514 πάνυ
764 1451 912 1531 λυπηθεὶς
939 1451 988 1514 ἐπὶ
1014 1461 1049 1537 τῆ
1076 1451 1149 1513 ἀνα-

132 1551 259 1633 χωρήσει
272 1546 424 1631 Ἀρσενίου
443 1550 553 1633 ἔγραψε
571 1552 663 1611 παντί
678 1572 708 1611 τε
731 1549 781 1611 καί
798 1559 949 1631 πανταχοῦ
968 1548 1150 1630 ἀναζητῆσαι

133 1648 240 1729 αὐτόν,
272 1647 322 1709 καλ
350 1648 405 1710 οῦκ
432 1646 576 1728 ἠδυνήθη
604 1648 696 1710 αὐτὸν
723 1647 820 1729 εὑρεῖν
847 1645 914 1730 όίχρι
935 1657 989 1727 τῆς
1016 1652 1150 1727 τελευτῆς

134 1744 236 1807 αὐτοῦ.
279 1746 516 1826 βασιλευσάντων
539 1743 571 1808 δὲ
592 1742 750 1827 Ἀρκαδίου
773 1744 824 1806 καί
843 1740 986 1827 Ὀνωρίον
1009 1746 1148 1827 ἐγνώσθη
1163 1770 1189 1809 15

133 1844 236 1915 αὐτοῖς
264 1842 308 1903 ότι
332 1838 480 1925 Ἀρσένιος
506 1843 539 1905 ἐν
564 1844 707 1928 Αἰγύπτῳ
736 1843 830 1923 διάγει
856 1843 909 1903 τόν
937 1843 1052 1925 μονήρη
1081 1845 1149 1923 βίον

133 1945 230 2013 καλῶς
248 1939 480 2019 πολιτευόμενος.
521 1939 571 2001 καί
590 1940 722 2021 ἐγραφον
745 1940 825 2021 αὐτῷ
845 1942 979 2013 πλείστας
997 1940 1150 2014 ἐπιστολὰς

134 2042 372 2119 παρακαλοῦντες
395 2037 486 2099 αότδν
509 2037 580 2099 ώστε
603 2035 742 2117 εόχεσθαι
764 2036 838 2119 ὑπὲρ
861 2047 920 2098 τῶν
939 2037 1025 2098 ἰδίων
1048 2044 1149 2116 μαθη-

134 2145 193 2197 τῶν
212 2135 262 2196 καὶ
280 2134 398 2197 τέκνων.
435 2136 546 2218 ἔγραψε
571 2133 602 2196 δὲ
626 2135 705 2219 αὐτῷ
724 2135 814 2195 πόλιν
829 2130 983 2216 Ἀρκόιδιος
1002 2135 1150 2195 δυσωπῶν

135 2232 227 2294 αὐτὸν
251 2233 322 2295 ὥστε
346 2242 532 2316 συγχωρῆσαι
555 2233 634 2317 αὐτῷ
653 2233 687 2294 τὸ
705 2238 835 2310 πταῖσμα
858 2232 960 2311 αὐτοῦ,
983 2228 1000 2292 δ
1021 2232 1149 2312 ῆμαρτεν
1164 2256 1191 2297 κο

134 2331 178 2404 είς
188 2326 339 2411 Ἀρσένιον
353 2330 467 2393 ἀνελεῖν
481 2330 572 2392 αὐτὸν
586 2331 758 2411 βουληθείς,
772 2329 843 2391 ὥστε
857 2329 956 2392 θέλων
969 2329 1061 2390 αότὸυ
1075 2334 1150 2408 πλη-

135 2437 303 2510 ροφορῆσαι
325 2429 433 2509 γράφει
451 2428 530 2512 αὐτῷ
545 2426 700 2507 ἐνωμότως
722 2430 823 2507 λαβεῖν
845 2426 926 2509 παρδι
943 2436 997 2488 τοῦ
1015 2426 1150 2509 ὑπάρχου

208 2613 302 2662 9-11
323 2610 358 2675 cf.
378 2608 517 2663 Theodori
536 2607 665 2662 Studitae
683 2607 811 2661 laudatio
830 2608 941 2661 Arsenii
958 2624 999 2676 εγ.
1015 2614 1031 2661 6
1054 2607 1152 2677 Migne

135 2680 213 2734 Tom.
229 2684 271 2747 σε,
287 2685 338 2733 853
349 2679 377 2734 ο.

209 2828 224 2875 2
244 2819 345 2877 ἑαυτόν
360 2840 394 2877 m.
410 2828 426 2875 1
440 2839 474 2877 εκ
488 2820 609 2876 αῦτόυῦ
628 2820 716 2875 αὐτόν
730 2821 761 2874 Β.
777 2852 811 2861 -
830 2826 847 2873 4
866 2822 944 2885 σώζει
957 2819 1004 2873 ΑΟ
1023 2821 1104 2873 σώσει
1118 2819 1150 2873 Ε.

136 2924 169 2933 -
190 2899 206 2946 6
225 2894 275 2947 καλ
292 2890 355 2947 κατ’
373 2893 425 2947 οίιι.
442 2892 473 2948 δέ
490 2896 561 2947 θεοῦ
576 2893 601 2946 Α
619 2889 682 2947 κατ’
700 2892 753 2946 οίιι.
769 2891 800 2947 δὲ
818 2895 889 2946 θεοῦ
908 2895 968 2961 (om.
984 2892 1043 2959 καλ)
1062 2889 1095 2943 Ν.
1116 2922 1150 2930 -

137 2969 151 3016 λ
172 2964 212 3025 εἰς
231 2964 300 3018 αότδ
320 2966 365 3033 (-ῶ
384 2964 419 3033 Α)
437 2964 513 3016 ABE*
533 2963 582 3034 (είς
599 2966 699 3019 πλοῖον
718 2963 750 3032 Ρ)
772 2963 802 3017 ἐν
821 2963 897 3035 αὐτῷ
910 2961 970 3017 τεΠ.
990 2994 1026 3001 -
1044 2966 1061 3015 8
1080 2962 1151 3014 ἀπο-

135 3034 316 3105 θρηξοίμενος
329 3034 454 3088 AEFLN
473 3036 511 3090 lit.
526 3052 594 3091 οσον.
609 3036 640 3089 ιἰι
659 3033 683 3086 D
706 3032 941 3103 δποθρηξοίμενος
958 3032 990 3086 Β.
1006 3064 1039 3072 -
1059 3038 1075 3085 9
1095 3031 1154 3085 ἐκεῖ

135 3106 197 3160 ER.
221 3138 257 3147 —
280 3106 310 3161 έν
329 3104 479 3175 διαφόροις
496 3105 579 3159 ELR.
604 3110 638 3145 -'-
664 3111 696 3159 12
721 3105 778 3176 ἐπὶ]
802 3105 832 3159 ἐν
850 3104 906 3157 ΑΒ.
931 3134 965 3143 -
990 3109 1023 3157 14
1046 3101 1152 3172 ήδυνή-

135 3182 232 3247 θησαν
245 3177 305 3231 ΒΕ.
322 3209 355 3217 -
376 3182 409 3231 15
430 3174 548 3245 όνωρίου
567 3177 614 3231 καὶ
634 3174 773 3244 ἀρκαδίου
787 3175 842 3229 AL.
856 3206 891 3213 -
911 3172 1031 3243 όνωρίου
1047 3173 1151 3227 BDFL

138 3246 297 3316 δνωρίουΕ
317 3245 431 3316 όνορίου
447 3248 520 3302 GPV
539 3244 654 3315 όνορίου
668 3248 698 3300 Μ
719 3244 840 3315 ωνορίου
859 3247 927 3315 (τίκα
944 3247 1061 3316 spir.)A
1081 3246 1152 3298 ὠνο-

137 3318 264 3444 εκν
604 3316 1053 3461 ικιικευωκκ
1067 3316 1152 3439 ιν

138 3468 171 3515 22
192 3460 330 3530 ένομόεως
348 3461 463 3516 ΑΟΒΒ.
484 3492 517 3501 -
541 3460 670 3531 ὑπάρχου
690 3409 793 3532 (ἐπηΡ)
811 3458 1011 3528 διλεξαυδρείας
1029 3458 1076 3511 AP
1099 3458 1152 3510 ῦπ-

138 3532 226 3603 οίρχου
241 3529 445 3603 αῦγουσταλίου
458 3533 481 3585 Β
501 3532 629 3602 ὑπάρχον
644 3533 697 3602 (ἐπ.
709 3531 770 3600 RV)
785 3528 983 3598 ἀλεξανδρείας
997 3531 1152 3599 αόγονστα-

139 3602 201 3658 λίον
220 3604 279 3674 (καὶ
298 3604 359 3673 αόγ.
374 3604 407 3673 F)
425 3603 485 3658 rell.
