2617 3909
162 235 165 240 -
195 200 261 266 670
507 201 695 254 Γαοεειοε
712 202 897 254 Μοαιεοε

260 343 337 410 Εἶτα
370 349 461 410 πάλιν
492 350 631 429 Χοσρόης
668 347 684 410 6
721 349 868 430 δυσσεβὴς
904 347 1076 422 ἀποστείλας
1109 347 1220 430 ’ἕτερον

192 445 320 528 άρχοντα
349 446 423 507 κατὰ
447 440 597 526 Ῥωμαίων
628 445 752 526 ὀνόματι
779 447 940 529 Σάρβαρον
973 446 1043 525 μετὰ
1075 449 1221 526 πλείστης

194 546 349 624 δυνάμεως
366 543 417 606 καί
434 555 534 606 πᾶσαν
552 544 706 626 ἐρημώσας
724 545 779 624 τὴν
799 543 947 624 ἀνατολὴν
964 543 1014 605 καί
1034 544 1090 624 τὴν
1106 537 1220 628 Ἰερου-

194 643 292 723 σαλὴμ
314 643 503 725 δορυάλωτον
524 642 624 723 λαβὼν
643 642 911 724 ἐλαφυραγώγησευ
930 641 1025 721 αὐτὴν
1042 652 1155 724 πᾶσαν,
1180 643 1219 704 οὐ

168 741 257 820 σμὴν
276 737 309 801 δὲ
326 738 400 800 ἀλλὰ
417 738 467 800 καί
489 740 603 820 πολλὴν
621 740 672 801 καλ
689 739 897 819 ἀπάνθρωπον
914 739 1067 820 άναίρεσιν
1087 743 1219 820 ποιησά-

197 859 285 916 μενος
307 836 357 898 ιιαὶ
379 836 432 898 τὸν
454 839 552 916 τίμιον
574 836 624 898 καί
646 839 734 920 ἅγιον
757 837 884 919 σταυρὸν
908 837 964 899 σὺν
987 843 1025 922 τῷ
1049 839 1218 922 πατριάρχη

195 935 328 1018 Ζαχαρία
350 933 450 1014 λαβὼν
472 934 523 996 καί
550 934 623 996 λαὸν
650 933 773 1017 άπειρον
800 936 830 1009 ἐξ
850 929 1039 1017 Ἰερουσαλὴμ
1066 935 1219 1016 αἰχμαλω-

195 1031 300 1105 τεύσας
321 1031 372 1092 ταί
395 1033 438 1106 είς
461 1033 593 1114 Περσίδα
615 1032 738 1113 πέμψας
765 1025 840 1112 ἦλθε
867 1031 942 1115 πρὸς
963 1032 1019 1112 τὴν
1039 1028 1142 1095 Ἀσίαν
1166 1033 1219 1094 καὶ

195 1129 251 1208 τὴν
277 1139 336 1210 γῆν
363 1138 423 1191 τῶν
442 1123 599 1210 Ῥωμαίων.
646 1129 663 1192 6
694 1130 726 1193 δέ
748 1153 780 1212 χε
803 1130 941 1211 βασιλεὺς
965 1124 1137 1212 Ἡράκλειος
1160 1131 1217 1211 τὴν

61 1253 102 1295 σοι
110 1253 141 1292 31.
157 1252 183 1293 ιο
197 1225 285 1308 ἁγίαν
307 1227 413 1309 ἑορτὴν
435 1237 488 1289 τοῦ
510 1228 609 1308 πάσχα
631 1226 747 1300 τελέσας
768 1229 837 1290 τάδε
859 1229 934 1310 πρὸς
957 1228 1008 1290 τὸν
1031 1229 1218 1312 πατριάρχην

196 1325 267 1403 ἔφη’
296 1326 338 1399 εἰς
361 1332 457 1407 χεῖρας
479 1335 532 1405 τῆς
555 1325 740 1408 θεομήτορος
767 1325 879 1405 ἀφίημι
905 1326 961 1406 τὴν
988 1327 1075 1389 πόλιν
1103 1327 1218 1406 ταύτην

195 1422 315 1483 παλτὸν
333 1423 401 1485 υίόν
419 1446 486 1501 μου.
528 1422 579 1484 καί
600 1432 693 1485 ταῦτα
715 1422 808 1485 εἰπὼν
827 1422 926 1504 λαβδον
950 1422 1020 1502 μετὰ
1043 1430 1141 1505 χεῖρας
1160 1425 1217 1505 τὴν

195 1521 380 1602 θεανδριιιὴν
397 1518 621 1603 ἀχειροποίητον
639 1520 762 1601 μορφὴν
782 1521 856 1582 κατὰ
875 1525 1000 1602 Περσῶν
1018 1521 1217 1602 ἐστράτευσεν.

196 1615 246 1677 καί
274 1616 312 1696 δὴ
339 1618 614 1699 προσκαλεσάμενος
639 1619 692 1680 τὸν
719 1623 852 1701 Τοῦρκον
878 1619 921 1690 ἐίς
950 1621 1119 1699 συμμαχίαν
1141 1621 1218 1681 κατὰ

156 1738 182 1779 ιι
197 1714 346 1795 πάροδον,
374 1714 404 1788 ἐξ
432 1707 470 1776 οὗ
496 1713 547 1775 καὶ
575 1716 728 1798 φύλαρχον
750 1714 800 1776 καί
822 1721 941 1795 πλῆθος
966 1717 1107 1798 Τούρκων
1131 1715 1216 1798 άρας,

196 1811 345 1893 ἐξώρμησε
367 1811 442 1873 κατὰ
464 1816 590 1894 Περσῶν
612 1812 645 1874 ἐν
668 1814 793 1893 δυνάμει
820 1815 924 1899 βαρείᾳ
947 1814 1065 1896 σφόδρα
1088 1812 1139 1874 διὰ
1162 1825 1217 1877 τοῦ

195 1909 343 1982 Εὐξείνου
365 1910 486 1972 πόντου.

96 2023 137 2064 333
151 2015 181 2062 Μ.
265 2008 306 2068 Οί
331 2005 363 2068 δὲ
383 2003 508 2089 ’Ἀβαροι
534 2007 586 2080 τὰς
613 2008 745 2082 σπουδὰς
775 2009 980 2087 διαλύσαντες,
1008 2009 1100 2092 άσπερ
1124 2004 1217 2091 Ἡρά-
1294 2043 1295 2046 “

195 2111 290 2178 κλειος
317 2105 424 2187 δώροις
452 2105 527 2186 πρὸς
553 2104 664 2178 αὐτοὺς
691 2107 856 2186 βεβαιώσας
885 2105 1035 2186 ἐκίνησεν,
1066 2111 1106 2190 τῷ
1132 2108 1218 2188 τείχει

156 2227 183 2267 εο
195 2211 248 2264 τοῦ
266 2204 431 2276 Βυζαντίου
450 2203 701 2284 προσπελάζουσιν
719 2203 814 2276 εὐθύς
832 2225 861 2264 τε
880 2203 976 2264 πάντα
993 2202 1167 2286 ἐνεπύριζον
1182 2204 1217 2264 τὰ

268 2397 337 2445 1-3
355 2393 390 2459 cf.
409 2391 470 2445 Nic.
487 2397 580 2461 1315,
600 2396 624 2445 3.
645 2423 679 2432 -
699 2396 767 2446 3-9
787 2392 822 2458 cf.
842 2391 967 2460 Theoph.
983 2409 1012 2461 p.
1029 2396 1095 2461 300,
1116 2397 1160 2446 30.
1182 2425 1216 2432 -

196 2467 292 2515 3-10
311 2464 345 2530 ef.
360 2462 485 2530 Theoph.
500 2480 531 2531 p.
547 2468 607 2530 εον,
623 2468 666 2517 οε,
685 2493 721 2502 -
740 2468 853 2516 10-13
873 2463 908 2528 cs.
928 2461 990 2518 Nic.
1006 2480 1037 2532 p.
1054 2469 1100 2530 ιε,
1117 2468 1159 2517 13.
1183 2496 1215 2504 -

197 2538 311 2586 13-13
330 2533 364 2598 cf.
380 2533 505 2601 Theoph.
516 2551 546 2602 p.
562 2538 623 2600 303,
639 2539 681 2587 ιι.
702 2565 735 2573 -
756 2539 868 2587 ιι-ιι
888 2534 923 2601 cf.
938 2533 1000 2588 Nic.
1011 2551 1041 2604 p.
1058 2540 1100 2602 ιε,
1117 2538 1159 2588 17.
1182 2567 1216 2575 -

199 2608 303 2674 18-p.
319 2608 381 2670 671,
395 2609 411 2656 3
430 2605 465 2671 cf.
480 2603 542 2658 Nic.
553 2621 583 2673 p.
600 2609 642 2672 17,
658 2609 699 2658 16.

267 2778 284 2825 4
303 2771 475 2840 δοριάλωτον
494 2770 570 2826 GDP
589 2779 615 2828 et
631 2773 695 2840 fort.
711 2773 742 2827 G.
763 2805 797 2814 -
815 2781 910 2827 πᾶσαν
927 2772 1002 2827 PRV
1020 2773 1135 2827 ἅπασαν
1153 2773 1216 2828 rell.

196 2874 231 2885 -—
250 2849 266 2897 ὃ
281 2844 385 2912 πολλὴν
400 2843 598 2911 ἀπάνθρωπον
616 2844 805 2912 ποιησάμενος
819 2843 964 2913 ἀναίρεσιν
978 2844 1001 2896 Β
1019 2843 1217 2911 άνάνθρωπον

195 2914 301 2984 πολλὴν
318 2931 410 2984 ποιησ.
430 2917 491 2983 (ουτ.
506 2913 662 2984 ἀναίρεσιν)
677 2915 707 2968 Μ
724 2915 829 2984 πολλὴν
843 2913 1055 2984 ἀπανθρωπίαν
1069 2916 1118 2968 καί
1133 2914 1217 2970 ἀναί-

197 2985 549 3126 ἷῖλῖίιλλλῗιλίηῖί)
563 2983 964 3128 6‘Q“?}‘{?35521202‘“‡23
978 2986 1216 3112 λαλὲλοάὲἑλίά

196 3159 233 3167 -
251 3128 318 3199 ἔφη]
337 3127 479 3196 είρήαειΒ
498 3144 549 3182 om.
564 3127 597 3182 A.
612 3158 646 3168 -
667 3133 754 3182 1313
773 3127 824 3197 τὴν
842 3128 1018 3197 δεανδρικὴν
1037 3127 1106 3198 μετὰ
1119 3137 1217 3198 χεῖρας

197 3197 256 3252 RV.
276 3231 310 3238 -
330 3204 362 3254 19
382 3196 523 3267 ἐκείνησεν
537 3197 586 3252 AG
611 3197 745 3268 ἐκήνηυεν
760 3199 790 3252 Μ
813 3200 900 3254 ἐκεῖσε
919 3199 939 3253 C
963 3197 1104 3254 ἐκαίνισεν
1123 3199 1218 3254 Tafel.'

270 3361 283 3407 1
304 3355 319 3408 6
338 3357 473 3427 δυσσεβὴς
491 3356 628 3425 ολὲτερον
646 3365 713 3414 etv.
733 3364 749 3411 2
769 3357 886 3428 ὀνόματι
905 3376 955 3414 om.
974 3358 1004 3413 P.
1027 3389 1063 3399 -
1086 3363 1103 3412 4
1121 3377 1217 3428 παρα·

197 3425 290 3494 λαβὼν
303 3425 333 3479 Ρ.
347 3457 380 3465 -
395 3432 411 3479 9
427 3427 442 3480 6
457 3425 490 3481 δέ
502 3447 533 3498 γε
547 3427 694 3497 ἠράκλειος
704 3427 818 3490 τελέσας
831 3430 882 3498 τὴν
897 3429 994 3500 ἑορτὴν
1009 3437 1058 3484 τοῦ
1073 3428 1132 3483 πάσ
1152 3451 1170 3484 α
1186 3431 1216 3484 Ρ.

197 3525 232 3535 -
252 3499 285 3548 10
303 3494 415 3550 τάδε-
427 3503 459 3548 12
479 3497 566 3552 εἰπὼν
580 3514 630 3552 om.
644 3499 675 3552 P.
691 3529 725 3540 —
745 3505 778 3552 12
797 3500 846 3554 καλ
859 3502 952 3571 λαβὼν
971 3501 1011 3562 εἰς
1043 3451 1157 3569 εῖραςλ)

199 3569 232 3616 13
251 3564 363 3633 μορφὴν
381 3567 430 3619 ααλ
447 3571 486 3639 τῷ
499 3567 653 3641 θεογράφω
672 3569 761 3642 τούτῳ
779 3572 908 3635 πεισθείς
925 3571 998 3626 κατὰ
1016 3521 1046 3627 λζ.
