2617 3909
531 255 720 306 XPONIKON
1062 250 1126 315 387

179 402 344 485 ῚΕἰπόντων
371 400 425 483 γδιρ
448 410 507 462 τῶν
530 408 675 482 μαθητῶν
696 400 837 482 περὶτοῦ
859 401 940 482 ίερού
963 401 1008 463 ὅτι
1029 402 1140 474 λίθοις,

120 508 219 576 καλοῖς
246 500 296 562 καλ
322 500 496 580 ἀναθήμασι
518 498 708 579 κεκόσμηται,
735 498 806 579 ἔφη’
836 507 927 559 ταῦτα
949 496 969 559 δ
991 504 1128 578 θεωρεῖτε

119 601 215 660 πάντα
237 599 404 661 ἐλεύσονται
426 595 541 679 ήμέραι,
564 597 596 659 ἐν
619 591 666 669 αἷς
690 596 745 657 ούκ
767 594 950 675 ἀφεθήσεται
971 596 1057 668 λίθος
1079 593 1129 655 ἐπὶ

118 698 222 777 λίθον,
249 694 283 770 δς
310 696 347 759 ού
373 696 616 774 καταλυθήσεται.
663 694 734 755 όταν
760 692 793 756 δὲ
820 694 901 773 ἴδητε
922 691 1128 772 κυκλουμένην

117 795 173 874 τὴν
192 788 381 874 Ἰερουσαλήμ
402 792 461 854 ύπὸ
485 791 702 873 στρατοπέδων,
724 791 786 853 τότε
808 802 913 873 γνῶτε,
941 792 986 854 ὅτι
1007 788 1127 872 ἤγγικεν
1154 812 1167 853 ε

117 888 138 969 ἡ
166 890 311 972 ἐρήμωσις
338 890 438 970 αὐτῆς.Ι
484 888 552 951 οὐαὶ
581 887 613 951 δὲ
634 896 704 971 ταῖς
730 889 763 951 ἐν
789 888 890 972 γαστρὶ
917 889 1051 969 ἐχούσαις
1077 886 1127 948 καλ

117 994 182 1062 ταῖς
200 990 399 1069 θηλαζούσαις
416 987 450 1049 ἐν
466 986 590 1061 ἐκείναις
603 992 668 1060 ταῖς
681 984 811 1066 ήμέραις.
847 987 926 1049 ἔσται
938 985 994 1069 γάρ
1012 985 1128 1067 ἀνάγκη

11 1104 13 1107 ·
119 1086 229 1168 μεγάλη
251 1086 301 1147 καὶ
327 1085 399 1168 ὀργή
423 1088 462 1170 τῷ
486 1091 545 1170 λαῷ
565 1086 673 1171 τούτῳ,
700 1084 751 1145 καλ
772 1094 931 1146 πεσοῦνται
954 1084 986 1147 ἐν
1009 1083 1129 1163 στόματι

118 1186 269 1266 ῥομφαίας
291 1183 341 1245 καὶ
364 1183 687 1268 αἰχμαλωτισθήσονται
708 1183 750 1255 εἰς
773 1183 869 1243 πάντα
890 1181 926 1243 τδι
947 1182 1033 1261 ἔθνη.
1077 1178 1129 1241 καὶ

118 1282 198 1345 ἕσται
221 1276 411 1364 Ἰερουσαλήμ
441 1280 611 1360 πατουμένη
624 1264 630 1277 ’
641 1279 701 1341 ὑπὸ
727 1279 827 1341 ἐθνῶν
854 1277 920 1361 ύγρι
946 1284 1127 1358 πληρωθῶσι
1141 1302 1167 1343 10
1181 1302 1220 1343 ιεο
1233 1300 1265 1341 11

117 1379 216 1461 καιροὶ
238 1380 347 1442 ἐθνῶν.
392 1380 454 1441 καί·
478 1378 557 1441 ἔσται
578 1380 686 1456 θλίψις
703 1378 834 1457 τοιαύτη,
858 1378 906 1438 οἵα
923 1374 1063 1438 οὐδέποτε
1081 1374 1127 1456 γε’-

118 1501 206 1560 γονεν
229 1476 299 1540 ούδέ
323 1478 362 1558 μή
387 1478 473 1539 ἔσται.

188 1580 286 1637 Ταῦτα
309 1573 341 1637 δὲ
363 1577 459 1636 πάντα
481 1574 670 1636 πεπόνθασιν
692 1575 724 1635 οί
743 1572 845 1655 ἐχθροὶ
865 1581 918 1652 τῆς
936 1575 1012 1653 ζωῆς
1030 1571 1128 1633 αὐτῶν

115 1669 253 1735 Ἰουδαῖοι
287 1672 492 1756 κυριευθέντες
523 1671 582 1734 δπδ
611 1682 671 1733 τῶν
695 1665 845 1751 Ῥωμαίων
872 1668 913 1743 δις
927 1670 1128 1749 ἀπωσάμενοι

118 1771 248 1854 Χριστὸν
278 1770 330 1832 τὸν
359 1769 478 1852 βασιλέα
505 1778 557 1831 τοῦ
585 1770 708 1850 παντός,
740 1769 790 1830 καλ
816 1770 868 1831 τὸν
895 1778 954 1830 τῶν
978 1762 1127 1846 Ῥωμαίων
1141 1790 1168 1831 ισ

118 1868 238 1951 βασιλέα
261 1870 409 1949 δυσσεβῶς
432 1867 662 1947 ἐπισπασάμενοι
684 1868 849 1950 κράζοντες·
874 1866 930 1928 ούκ
948 1866 1050 1947 ἔχομεν
1072 1868 1127 1946 βα-

118 1966 208 2047 σιλέα,
231 1968 258 2029 εί
279 1966 320 2046 μή
342 1968 486 2048 Καίσαρα.
531 1967 592 2027 καί·
615 1966 648 2028 τὸ
671 1959 744 2043 αἷμα
762 1969 892 2047 Χριστοῦ
910 1960 960 2043 ἐφ’
981 1961 1060 2042 ήμᾶς
1077 1962 1127 2023 καλ
1226 2029 1228 2032 ,

118 2064 165 2126 ἐπὶ
193 2064 229 2125 τά
253 2064 340 2126 τέκνα
362 2061 455 2144 ήμῶν.
501 2064 548 2126 διὸ
571 2062 621 2123 καί
644 2062 726 2145 μέχρι
748 2073 800 2142 τῆς
822 2062 986 2133 συντελείας
1008 2061 1063 2140 τήν
1085 2061 1128 2132 εἰς

118 2162 153 2223 τὰ
180 2162 257 2241 ἐθνη
284 2162 380 2222 πάντα
407 2160 571 2243 διασπορὰν
596 2160 646 2221 καὶ
668 2162 867 2243 ταλαιπωρίαν
890 2158 1006 2233 ἕξουσιν
1029 2157 1128 2218 αύτῶν

117 2259 153 2321 τδι
180 2260 279 2339 τέκνα,
307 2260 442 2342 καθάπερ
469 2257 545 2332 τινὲς
573 2257 712 2341 δραπέται
740 2258 887 2338 μαστιγίαι
909 2280 939 2317 τε
961 2255 1011 2317 καὶ
1033 2276 1127 2337 παρα·
1141 2280 1168 2321 ιο

118 2364 227 2441 πλήγες
251 2356 343 2437 μηδὲν
361 2366 419 2419 τῶν
437 2357 571 2437 νομίμων
590 2356 730 2418 ἐπιτελεῖν
749 2356 916 2435 δυνάμενοι.
953 2353 1128 2435 ὑποφόρους

116 2454 173 2537 γάρ
197 2456 308 2536 ἔχοντες
331 2454 440 2527 αύτούς
455 2448 590 2533 Ῥωμαῖοι
613 2455 669 2515 ούκ
691 2452 759 2515 ἐῶσι
781 2459 843 2525 τοῖς
861 2452 948 2525 ἰδίοις
966 2458 1128 2532 κεχρῆσθαι

116 2554 327 2632 δικαιώμασιν,
350 2551 505 2633 ἐπειδήπερ
527 2550 669 2625 ἑκουσίως
690 2551 890 2613 ἐπεσπάσαντο
912 2549 967 2629 τήν
990 2550 1128 2611 δουλείαν

116 2650 259 2723 εἰπόντες
284 2650 339 2711 ούκ
360 2649 462 2731 ἔχομεν
484 2648 615 2730 βασιλέα,
630 2650 665 2711 ἐἰ
682 2650 722 2729 μή
741 2650 885 2728 Καίσαρα.
930 2649 991 2709 καί
1015 2646 1067 2709 ἐὰν
1086 2645 1126 2727 μή

190 2836 203 2882 1
224 2828 289 2883 Luc.
310 2834 397 2898 21‚5;
413 2837 436 2884 6.
457 2861 489 2869 -
509 2836 526 2883 4
544 2832 579 2884 ω.
594 2848 617 2885 ι.
634 2835 681 2896 203
696 2836 743 2895 νε,
758 2835 800 2883 οι.
824 2830 858 2896 cf.
873 2828 938 2881 Eue.
953 2828 1004 2895 ΠΙ,
1018 2834 1042 2893 τ,
1058 2834 1086 2896 ι;
1102 2834 1126 2881 5.

116 2933 151 2941 —
172 2907 203 2955 11
224 2900 323 2954 Matth.
340 2906 383 2967 24,
397 2906 439 2953 21.
455 2932 488 2941 -
509 2906 542 2954 16
559 2901 621 2955 Joh.
639 2906 685 2968 19,
700 2906 741 2954 15.
758 2932 791 2940 -
812 2906 843 2953 17
860 2899 961 2953 Matth,
977 2905 1020 2965 27,
1035 2905 1077 2952 νῦ.
1092 2931 1127 2938 -

117 2979 223 3041 21-μ.
240 2976 305 3039 388,
321 2978 353 3025 12
373 2970 503 3026 eonstitt.
517 2974 614 3041 Aposb.
630 2972 681 3039 VI,
701 2976 748 3039 243
768 2977 809 3025 25.
834 3002 868 3011 —
891 2977 925 3025 24
944 2970 1006 3025 Joh.
1026 2975 1069 3038 11,
1083 2975 1126 3023 48.

118 3203 125 3223 ‹
189 3138 212 3185 2.
224 3136 240 3183 3
254 3139 342 3223 ταήτα
356 3131 450 3187 πάντα
465 3130 484 3185 δι
499 3135 631 3200 θεωρεῖτε
645 3132 667 3184 L
684 3130 777 3186 πάντα
791 3149 841 3186 om.
853 3130 947 3185 CLuc.
962 3160 997 3170 -
1011 3135 1061 3183 4.5
1075 3128 1127 3198 τήν

117 3205 279 3328 m.
291 3202 462 3335 Ῡλδτλὲἷς·
474 3200 1127 3343 λιλῖλλιλζλιῖλλῗάτλίδμλλῗιραἶς

116 3345 195 3400 οᾶά..·
214 3345 255 3400 ἐτι
273 3345 304 3399 δὲ
324 3346 373 3399 καλ
390 3353 452 3407 ταῖς
469 3345 663 3413 θηλαζούσαις.
682 3376 719 3386 -
742 3350 776 3398 10
795 3343 961 3412 ἱερουσαλὴμ
980 3343 1056 3396 ἔσται
1074 3342 1126 3395 ΑΝ

116 3417 181 3471 Luc.
201 3448 235 3456 -
255 3414 439 3486 άγρισότουΡ
456 3415 535 3486 άγρις
548 3412 581 3469 ού
596 3416 661 3469 Eue.
676 3447 710 3456 —
730 3421 762 3469 11
783 3416 816 3469 ού
830 3414 927 3484 γέγονε
940 3413 1071 3467 FMatth.
1092 3414 1126 3467 ού

116 3486 213 3557 γέγονε
232 3488 342 3541 πώποτε
360 3487 383 3540 Β
405 3493 429 3541 et
447 3502 517 3541 rece.
534 3488 656 3555 quidam.
679 3518 713 3526 —
741 3492 773 3539 12
793 3485 917 3553 ούδούμὴ
935 3483 1071 3537 DMatth.
1091 3514 1125 3522 —

118 3564 149 3613 17
169 3567 219 3613 τοῦ
243 3565 355 3630 χριστοῦ
374 3558 399 3611 R
425 3559 511 3612 αὐτοῦ
530 3558 690 3611 ΒΡΜοθλλι.
710 3588 743 3597 -
767 3562 802 3609 20
825 3555 1004 3625 παράπληγες
1025 3552 1126 3607 GEFR

116 3629 195 3698 παρὰ
212 3628 315 3698 πλήγες
327 3630 363 3682 Μ.
379 3662 413 3669 -
433 3634 466 3682 22
486 3630 589 3690 αύτούς
607 3629 716 3699 ἔχοντες
729 3627 792 3681 ΒΝ.
