2617 3909
196 245 262 311 644
507 246 694 298 [namon
711 245 895 298 nonaxon

195 392 508 458 Κωνσταντινουπόλει
526 392 601 473 ἔχων
618 393 697 455 ινύνα
714 392 831 467 ξανθὸν
851 391 902 454 καί
919 392 1044 472 τυφλόν,
1067 392 1151 465 ὅστις
1168 416 1225 454 ιιε·

195 491 352 571 λευόμενος
374 490 455 572 παρὰ
476 500 530 553 τού
551 485 750 573 πωμοδρόμου
772 489 864 552 ἐποίει
886 491 1027 569 θαύματα
1049 492 1223 571 παράδοξα.

195 600 380 670 παρεστῶτος
397 588 453 670 γὰρ
472 587 560 669 όχλου
578 590 765 669 παμπόλλου,
782 586 834 649 ταί
851 596 906 649 τοῦ
923 587 1121 669 κωμοὸρόμου
1140 594 1223 668 λαμ-

194 688 340 768 βάνοντος
367 687 540 748 δακτυλίόια
566 696 660 767 χρυσῶ
685 709 716 748 τε
743 685 794 747 παλ
820 684 936 767 ἀργυρᾶ
965 684 1017 747 ναί
1042 689 1136 766 χαλκᾶ
1165 687 1223 747 καὶ

169 786 317 867 σσιδηρᾶ,
345 782 395 845 καί
422 784 519 845 πάντα
542 785 655 865 μίσγων
677 782 728 845 καί
753 782 940 866 περισκέπων
962 784 1073 863 χώματι
1093 783 1147 845 καὶ
1175 791 1221 867 τῷ

194 880 265 943 κυνί
283 880 456 963 ἐπιτρέπων,
479 881 625 961 ἐλάμβανε
643 881 694 943 διὰ
715 890 769 943 τοῦ
787 882 930 960 στόματος
951 880 1003 942 καί
1024 881 1127 943 ἐδίδου
1146 881 1221 943 ἑπά-

196 996 253 1063 στηι
276 978 309 1040 τὸ
333 980 419 1040 ἴδιον.
465 978 605 1053 ὡσαύτως
626 978 678 1041 καί
698 980 865 1059 νομίσματα
886 985 1005 1061 παρεῖχε
1026 973 1091 1040 κατ’
1107 979 1219 1060 ὄνομα.

195 1076 245 1138 καί
272 1075 346 1159 πρὸς
373 1078 488 1150 τούτοις
515 1076 738 1159 ἐπερωτώμενος
765 1076 933 1139 ἐπεδείκνυε
964 1077 1016 1151 τὰς
1047 1076 1080 1139 έν
1108 1078 1220 1161 γαστρὶ

195 1174 319 1256 ἐχούσας
340 1177 474 1255 νομίμως
496 1174 547 1236 καί
568 1174 621 1248 τὰς
638 1174 828 1255 παρανόμως,
850 1175 922 1247 τοὺς
944 1175 1065 1256 μοιχοὺς
1087 1174 1138 1236 παλ
1162 1176 1218 1249 τὰς

156 1294 183 1335 ιο
195 1271 319 1353 πόρνας,
342 1272 412 1346 τούς
430 1271 656 1354 εύττροαιρέτους
675 1271 725 1333 ιιαί
743 1271 913 1352 ἐλεήμονας,
934 1273 1005 1347 τούς
1022 1271 1217 1353 ἀδιανρίτους

96 1392 137 1433 σιι
151 1392 183 1431 n.
196 1368 246 1433 καί
273 1369 487 1451 ἀνελεήμονας,
514 1369 586 1449 μετὰ
612 1368 758 1449 ἀληθείας
781 1371 878 1431 πάντα
899 1370 1092 1450 νατεμήνυεν.
1137 1371 1216 1433 ὅθεν

196 1468 295 1550 έλεγον
319 1468 363 1531 ότι
386 1478 503 1547 πνεῦμα
526 1469 680 1541 Πύθωνος
703 1468 767 1549 ἔχει.

261 1564 369 1646 Γέγονε
398 1563 430 1626 δέ
457 1564 507 1627 καί
536 1566 701 1647 διαστροφὴ
729 1564 796 1649 περὶ
822 1575 876 1627 τοῦ
903 1568 1014 1647 πάσχα,
1040 1566 1091 1627 καί
1118 1565 1135 1628 ὅ
1158 1565 1214 1646 μὲν

195 1666 329 1735 πλεῖστος
352 1662 422 1734 λαὸς
444 1660 564 1741 ἐποίησε
585 1664 641 1743 τὴν
663 1662 819 1745 ἄπόιιρεων
845 1664 903 1745 πρὸ
926 1674 979 1726 τοῦ
1001 1663 1152 1745 βασιλέως.
1196 1663 1213 1725 ὁ
1301 1741 1303 1756 Ι

156 1779 182 1821 τε
197 1756 230 1820 δὲ
261 1759 398 1838 βασιλεὺς
425 1758 601 1841 προσέταξεν
632 1760 733 1843 έτέραν
764 1761 914 1843 ἑβδομάδα
943 1769 1100 1844 πραθῆναι
1130 1762 1213 1844 κρέα,
1301 1841 1303 1858 ‚

193 1854 244 1917 καί
267 1856 374 1929 πάντες
397 1857 429 1917 οἱ
449 1863 614 1937 κρεοπῶλαι
637 1860 815 1939 σφάξαντες,
838 1858 938 1933 ούὸείς
958 1859 1113 1941 ἠγόραζεν·
1140 1860 1213 1923 οὐδὲ
1301 1861 1303 1898 ³

193 1953 249 2036 γὰρ
267 1951 387 2033 ἤσθιον.
429 1955 461 2017 τὸ
480 1952 512 2016 δὲ
531 1956 628 2037 πάσχα
646 1956 776 2039 γέγονεν,
797 1952 874 2031 ὡςό
896 1958 1033 2039 βασιλεὺς
1051 1957 1212 2039 ἐκέλευσεν,
1301 1973 1302 2036 Ϊ

193 2050 242 2113 καί
267 2051 378 2135 εὑρέθη
402 2054 554 2132 νηστεύων
577 2052 592 2116 ὁ
616 2055 687 2128 λαὸς
709 2054 860 2135 ἑβδομάδα
882 2054 1097 2137 περισσοτέραν.

267 2256 371 2305 13-18
390 2252 424 2319 cf.
440 2251 505 2305 Μελ.
522 2257 582 2319 482,
599 2257 631 2306 19
650 2252 777 2323 Theoph.
787 2271 817 2323 p.
833 2249 894 2321 225,
909 2258 933 2307 5.

265 2424 280 2471 2
296 2418 473 2488 κομοδρόμοο
483 2418 591 2474 CGNP
605 2423 669 2475 item
682 2438 706 2475 υ.
717 2427 742 2474 3.
754 2452 787 2462 -
802 2426 820 2475 4·
833 2421 969 2477 δαιιτύλια
978 2422 1039 2476 NP.
1049 2454 1084 2463 —
1098 2428 1147 2476 λῶ
1162 2425 1212 2477 καί

194 2492 294 2557 σιδηρᾶ
314 2490 362 2542 ιιαλ
379 2494 469 2559 χαλκῶ
484 2490 543 2544 RV.
557 2522 593 2531 —
612 2496 627 2545 5
647 2488 753 2561 σμίγων
767 2491 847 2547 CER
865 2493 990 2563 μιγνύων
1003 2493 1037 2547 V.
1056 2525 1091 2534 —
1110 2500 1127 2547 6
1146 2494 1210 2550 ἐνοί-

193 2576 259 2613 στου
279 2558 342 2613 OM.
362 2591 395 2600 —
416 2566 449 2614 10
468 2563 533 2624 τούς
550 2561 734 2631 ἂσιαιιρίτονς
751 2564 799 2618 καί
817 2563 1007 2633 ἀνελεήμονας
1023 2581 1074 2619 om.
1090 2564 1153 2619 OM.
1173 2597 1211 2606 —

194 2629 243 2683 καλ
261 2630 327 2691 τούς
345 2628 526 2699 ἀδιακρίτονς
544 2633 575 2687 Β.
595 2665 630 2692 -,
650 2640 683 2688 11
703 2632 774 2690 ὅθεν
791 2635 840 2689 καί
858 2635 953 2705 ἔλεγον
971 2634 1030 2689 RV.
1049 2668 1084 2677 -
1104 2642 1136 2690 12
1155 2637 1210 2691 πύ-

192 2704 283 2762 θονος
302 2698 349 2755 ΟΡ
371 2699 509 2765 πείθοντος
526 2704 563 2757 Μ.
587 2736 621 2745 -
647 2711 681 2758 14
699 2704 846 2775 ἀπόνρεων
864 2706 947 2759 BER
969 2705 1111 2773 ἀπόμρεου
1129 2706 1211 2761 NPV

193 2804 337 2875 ἀπόκρεαν
355 2808 377 2861 L
396 2807 580 2879 ἀπονρέανῦ
604 2792 652 2865 ἀλλ’
673 2810 704 2865 G.
725 2844 758 2853 —
779 2818 812 2866 15
831 2814 959 2937 ξασιλεύς
977 2829 1027 2868 ονε.
1042 2812 1077 2866 N.
1097 2844 1130 2853 -
1150 2813 1210 2868 ἐκέ-

192 2882 269 2935 λευσε
288 2879 346 2933 RV.
371 2912 404 2921 —-
428 2884 578 2950 πραθῆναι
596 2882 723 2936 BPMal.
733 2882 831 2953 Theop
853 2927 858 2937 .
881 2888 1051 2953 παραθῆται
1074 2882 1210 2938 OEGLN

192 2954 368 3019 παραθεῖναι
385 2951 443 3005 RV.
457 2984 491 2992 -
507 2958 539 3005 16
555 2954 708 3019 κρεοπώλοι
720 2952 812 3009 GetD
826 2956 874 3010 sed
887 2975 929 3009 -οι
943 2956 983 3009 lit.
999 2972 1032 3011 ex
1045 2976 1098 3008 -αι,
1122 2973 1209 3023 κρεω-

192 3025 279 3076 πῶλοι
297 3040 368 3078 rece.
383 3022 512 3079 nonnulli
530 3031 556 3079 et
573 3024 596 3078 B
615 3025 678 3079 item
697 3026 736 3079 lit.
751 3042 820 3081 corr.
834 3043 868 3080 ιω
886 3047 938 3080 -αι,
958 3058 992 3067 -
1013 3031 1045 3080 17
1065 3025 1167 3093 ἤσθιεν
1185 3026 1209 3079 L

192 3090 276 3158 ύσύιέ
292 3113 335 3155 τις
353 3095 386 3147 R.
406 3127 441 3136 —
461 3101 494 3149 18
512 3094 621 3164 ηὑρέθη
641 3096 700 3149 ΕΡ.

263 3264 279 3311 3
294 3259 457 3329 παμπόλλου
471 3278 521 3317 ονε.
532 3262 629 3317 ΡΜοΙ.
638 3263 763 3333 Theoph.
772 3264 836 3319 Leo.
846 3296 882 3305 —
896 3271 944 3319 34
957 3267 1038 3337 λαμβ.
1054 3266 1085 3320 ἐν
1097 3267 1209 3319 πολλῶν

192 3327 327 3382 δαντύλια
341 3331 371 3383 Ρ.
388 3362 421 3371 -
440 3337 455 3384 ‘1
473 3332 630 3401 νομίσματα
649 3333 797 3403 διαφόρων
815 3336 951 3407 βασιλέων
969 3336 1122 3406 μιγνύμενα
1137 3354 1205 3403 τιαρ.

190 3397 286 3451 ΡΜωΙ.
296 3398 421 3468 Theoph.
431 3401 495 3457 Leo.
511 3434 546 3443 -
565 3410 580 3457 8
599 3406 648 3457 ιιαλ
666 3405 737 3471 πρὸς
750 3406 859 3467 τούτοις
871 3416 1048 3474 παρεστῶτος
1065 3409 1134 3460 λαοῦ
1152 3407 1205 3461 ἂν·

190 3470 266 3533 δρῶν
284 3486 313 3521 τε
332 3470 380 3522 καί
398 3482 540 3537 γυναικῶν
559 3474 993 3545 έπερωτ.ΡΜω1.Τλιθορλε.[ιθο.
1013 3507 1046 3516 —
1066 3481 1136 3530 9.10
1155 3478 1205 3531 καί

190 3538 256 3597 τούς
280 3540 395 3608 μοιχοὺς
409 3570 442 3579 -
457 3543 505 3595 καί
527 3545 593 3607 τούς
615 3545 760 3614 εύπροαιρ.
777 3576 810 3587 -—
825 3548 873 3601 καί
896 3549 962 3609 τούς
984 3549 1095 3615 ἀδιαπρ.
1115 3546 1145 3599 Ρ.
1171 3578 1204 3592 -

193 3611 225 3659 16
244 3606 323 3677 ωσι]
348 3609 381 3662 οε
399 3608 429 3661 P.
