2617 3909
532 253 721 304 ΧΡοοαΚοα
1070 252 1136 317 535

121 402 247 482 σίδηρον
274 400 400 461 ἔνδοθεν
427 400 655 479 καθηλάσαντες
684 400 736 462 τὸν
763 402 851 463 λίθον
879 410 983 463 τοῦτον
1015 400 1047 462 έν
1074 407 1136 473 τοῖς

122 499 318 579 φατνώμασιν
340 496 461 559 ἀνωθεν
483 507 536 577 τῆς
556 496 661 579 στέγης
683 498 795 578 ἔπηξαν
818 497 877 560 ἀπὸ
900 498 1066 580 διαμέτρου.
1103 501 1136 562 τὸ

122 596 154 659 δὲ
177 596 237 658 άπὸ
261 606 313 676 τῆς
331 604 462 676 φυσικῆς
484 597 552 677 βίας
575 595 772 676 ἀνελκόμενον
794 606 847 658 τοῦ
866 599 956 659 λίθου
977 591 1136 680 (μετέωρον

122 694 179 777 γάρ
207 693 347 776 ἐκρέματο
375 692 426 755 διδι
453 694 566 774 πολλὴν
593 693 730 774 μηχανὴν
761 694 812 756 καί
841 689 960 778 τέχνην)
992 695 1136 776 ἐκρατεῖτο

125 792 215 873 μέσον
238 792 370 870 ἐδάφους
392 791 442 853 καλ
465 790 580 873 ὀρόφου
603 793 834 872 θαυμαζόμενον
856 792 906 855 καὶ
929 793 970 873 μῆ
988 799 1137 868 παντελῶς
1164 814 1176 854 τ

122 891 362 969 κατασπώμενον.
402 890 509 952 τοότου
527 890 746 963 καταλυθέντος
767 890 818 952 καὶ
835 890 1065 972 ἐδαφισθέντος,
1087 891 1137 953 καλ

120 999 176 1052 τοῦ
200 990 311 1050 Νείλου
334 988 463 1050 κατὰτὸ
486 988 595 1062 εἰωθὸς
618 988 659 1068 μῆ
682 987 912 1069 ἀνεληλυθότος,
934 989 1051 1072 ἔχαιρον
1065 985 1137 1051 Ἕλ-

121 1093 210 1166 ληνες
237 1085 368 1168 λέγοντες
395 1086 446 1148 διὰ
472 1087 583 1166 ταύτην
610 1086 665 1166 τῆν
691 1087 788 1148 αἰτίαν
815 1085 857 1165 μὴ
884 1085 1058 1167 ἀναβαίνειν
1086 1087 1137 1149 τὸν

118 1183 264 1264 ποταμόν.
309 1184 380 1265 όπερ
403 1183 512 1263 μαθδον
535 1182 551 1245 ό
574 1183 713 1264 βασιλεὺς
738 1183 896 1257 Θεοδόσιος
918 1184 1046 1264 εὐσεβῶς
1067 1184 1137 1246 ἀπε-

120 1284 255 1364 κρίνατο·
284 1282 324 1362 μὴ
352 1282 465 1364 γίνοιτο
493 1282 626 1361 ποταμὸν
653 1287 738 1355 ναοῖς
764 1283 916 1369 δαιμόνων
942 1282 993 1343 καλ
1015 1284 1137 1355 θυσίαις
1151 1302 1176 1341 ιο

124 1382 263 1462 χαίροντα
281 1379 329 1443 έπλ
347 1380 403 1460 την
420 1390 478 1462 γῆν
499 1401 568 1441 ποτε
586 1380 668 1461 όδωρ
687 1379 854 1461 ἀναγαγεῖν.
889 1380 962 1453 θεὸς
980 1378 1013 1441 δέ
1030 1380 1136 1442 τούτου

121 1478 178 1557 τὴν
200 1480 299 1540 πίστιν
322 1477 541 1557 ἀποδεξάμενος
563 1476 636 1559 ὑπὲρ
660 1477 692 1539 τδ
716 1477 785 1540 δέον
807 1476 937 1540 ἐκέλευσε
959 1482 1137 1559 πλημμυρῆ-

119 1594 183 1657 σαι,
207 1577 278 1658 ὅπερ
300 1577 342 1651 είς
369 1576 468 1657 φόβον
489 1574 600 1658 ἤγαγεν
622 1576 660 1638 οό
682 1575 734 1638 τὸν
752 1577 877 1657 τυχόντα
899 1577 954 1656 τὴν
973 1577 1137 1658 Α’άγυπτον,

124 1674 166 1755 μῆ
189 1673 239 1736 καλ
262 1675 316 1755 την
337 1672 557 1757 Ἀλεξάνδρειαν
579 1674 675 1754 αὐτὴν
697 1675 865 1759 κατακλόση
888 1674 920 1736 τδ
943 1675 1034 1756 ὕδωρ.

182 1768 274 1855 Ὅπερ
288 1773 325 1853 δὴ
341 1772 391 1834 καλ
408 1772 476 1855 περὶ
488 1783 541 1854 τῆς
551 1766 719 1855 Ἀρτέμιδος
736 1772 811 1854 πρός
828 1773 895 1834 τινά
909 1791 1003 1852 φησιν
1016 1772 1034 1835 ό
1048 1772 1137 1855 μέγας
1151 1791 1177 1832 15

113 1865 279 1951 Ἰσίδωρος·
303 1871 460 1952 ἐπειδήπερ
483 1869 634 1951 ἠθέλησας
658 1877 767 1951 μαθεῖν
789 1871 834 1933 τό’
858 1873 902 1945 τίς
924 1870 981 1932 οόκ
1001 1866 1063 1933 οἶδε
1081 1872 1137 1952 την

119 1964 267 2045 Ἐφεσίαν
289 1969 377 2032 πόλιν
398 1969 546 2050 νεωκόρον
570 1961 664 2031 οὖσαν
686 1979 739 2048 τῆς
760 1969 886 2050 μεγάλης
903 1965 1070 2049 Ἀρτέμιδος
1087 1969 1137 2030 καὶ

123 2075 177 2127 τοῦ
209 2067 377 2143 διοπετοῦς;
410 2068 475 2128 ’άσθι
508 2067 552 2129 ότι
584 2067 640 2128 οὐκ
672 2067 731 2128 ἔστι
763 2076 815 2145 τῆς
847 2076 965 2147 γραφῆς
997 2064 1014 2127 δ
1041 2065 1137 2147 λόγος,

117 2162 197 2225 ἀλλά
218 2174 272 2225 τοῦ
294 2163 484 2246 γραμματέως
506 2174 565 2225 τῶν
580 2159 735 2242 Ἐφεσίαν.
771 2164 907 2244 περιττὸν
929 2156 986 2224 οὖν
1008 2160 1138 2243 ἡγοῦμαι

121 2264 294 2343 λογοποιίας
321 2260 479 2343 ἀγυρτικὰς
508 2262 697 2343 ἑρμηνεύειν,
728 2260 795 2342 περί
824 2253 867 2323 ὧν
893 2255 977 2340 οἶμαι
1006 2259 1057 2321 καλ
1086 2260 1138 2322 τὸν
1152 2280 1178 2319 εο
1191 2281 1269 2321 mm.

122 2358 304 2438 ἱεροψάλτην
322 2357 482 2439 εἰρηκέναι·
505 2359 685 2440 διηγῆσαντό
704 2382 756 2438 μοι
772 2360 941 2441 παράνομοι
959 2357 1137 2439 ἀδολεσχίας,

123 2448 188 2516 ἀλλ’
210 2454 265 2536 οόχ
288 2453 328 2529 ὥς
350 2454 367 2518 δ
389 2455 481 2534 νόμος
504 2474 573 2538 σου,
599 2457 690 2537 κύριε.
735 2454 798 2517 ἐπεὶ
821 2447 877 2518 οάν
899 2456 1073 2537 φιλομαθὴς
1095 2453 1138 2516 ὢν

123 2552 304 2632 πολυμαθὴς
327 2551 438 2627 ἐθέλεις
456 2548 542 2635 εἶναι,
565 2553 615 2615 καί
634 2563 720 2616 τοῦτο
739 2554 852 2636 φράσω.
889 2556 922 2616 οἵ
936 2548 1006 2638 παρ’
1014 2550 1138 2634 Ἕλλησι

123 2651 159 2712 τά
182 2650 274 2723 ξόανα
296 2652 564 2725 κατασκευάσαντες
587 2651 637 2713 καί
660 2652 758 2733 φόβον
781 2652 939 2733 ἐμποιῆσαι
962 2652 1138 2734 βουλόμενοι

123 2755 185 2822 τοῖς
207 2746 316 2829 δρῶσιν
339 2750 471 2828 ἔφασκον
499 2750 544 2812 ὅτι
570 2750 602 2811 τὸ
625 2748 742 2832 ἀγαλμα
764 2749 794 2823 ἐξ
818 2750 950 2832 οὐρανοῦ
976 2749 1057 2831 παρὰ
1084 2759 1136 2811 τοῦ
1151 2770 1176 2810 εσ

195 2946 283 2994 6-14
302 2940 352 2993 Th.
367 2940 397 2993 L.
411 2940 446 3007 cf.
461 2939 526 2994 Exc.
542 2940 605 2994 Bar.
621 2940 746 3010 Theoph.
757 2958 786 3009 p.
803 2945 885 3006 ‘13‚'1.
901 2971 935 2979 -
955 2945 1060 3007 14-p.
1075 2942 1137 3005 586,

125 3018 158 3066 19
176 3011 277 3066 Isidori
295 3010 428 3067 Pelusiot.
448 3012 518 3081 Epp.
536 3012 583 3080 IV,
598 3017 649 3066 206
669 3019 694 3067 et
712 3016 764 3067 20⁷
783 3011 879 3080 Migne
898 3010 974 3064 Tom.
996 3014 1136 3077 ⁷8,1³00.

124 3114 158 3123 -
178 3089 210 3137 ιο
230 3083 406 3151 Act.19,35.
429 3116 460 3123 -
480 3090 513 3138 ει
533 3082 636 3137 Psalm.
652 3088 704 3136 118
719 3085 801 3153 (119),
816 3088 858 3136 85.

196 3258 211 3305 4
231 3251 294 3321 ἐκρί
313 3272 383 3323 ματο
403 3252 486 3305 BPV.
512 3284 547 3293 —
571 3258 603 3306 12
623 3246 813 3321 πλημμυρίσαι
831 3249 916 3303 ADF.
940 3281 976 3290 -·
1000 3256 1033 3303 14
1051 3269 1137 3303 κατα-

123 3324 216 3377 νλόσει
234 3273 345 3378 ΑΟδΡ,
371 3356 404 3363 -
429 3330 462 3377 16
481 3322 617 3391 ίσήδωρος
635 3322 719 3376 ARV.
743 3353 777 3361 -
802 3327 835 3374 1⁷
853 3320 973 3391 μεγάλης
991 3320 1138 3389 ἀρτέμιδος

123 3394 174 3448 ΒΡ
198 3413 255 3463 μεγ.
270 3398 342 3457 θεᾶς
360 3395 419 3463 ἀρτ.
434 3394 493 3449 rell.
515 3396 587 3464 (ι’ίιιιι
605 3395 718 3449 variant
734 3393 812 3447 codd.
826 3393 887 3447 Aet.
902 3398 928 3447 et
944 3392 1029 3461 Isid.).

196 3569 211 3615 2
232 3562 290 3616 ἀνω
313 3563 342 3616 Ρ.
368 3596 400 3603 -
427 3569 458 3617 17
483 3559 582 3633 οὖσαν]
606 3558 681 3617 εἶναι
700 3562 795 3615 Plsid.
820 3594 853 3601 —
880 3567 914 3615 19
937 3562 985 3614 καλ
1008 3558 1137 3626 περιττὸν

123 3633 246 3703 ἡγοῦμαι
264 3634 329 3687 PIs.
