2617 3909
189 215 261 280 756¹
501 218 689 269 ΓΕΩΡΓΙΟΤ
707 219 890 270 ΜΟΝΑΧΟΤ

187 364 225 427 ού
251 365 329 427 πολὺ
356 365 388 427 τὸ
417 364 555 450 ἐνμέσῳ
583 364 633 426 καί
660 363 728 439 ἀξια
755 376 808 445 τής
836 368 1016 448 χειροτονίας
1043 365 1139 428 αὐτοῦ
1168 367 1211 440 εἰς

89 485 129 526 τοι
142 485 173 526 ιι.
187 463 240 524 τὸν
257 462 504 546 χειροτονηθέντα
521 459 574 524 ὑπ’
595 465 688 525 αὐτοῦ
708 465 882 546 διεπράξατο
905 465 984 546 ἔργα.
1021 463 1134 543 μαθὼν
1154 463 1210 545 γὰρ

186 559 316 645 ἀκριβῶς
339 559 355 622 6
377 560 526 643 ἀλάστωρ,
554 561 599 624 ότι
626 562 775 643 κρατήσας
802 559 819 622 6
842 563 1022 644 πατριάρχης
1050 561 1147 622 αὐτοῦ
1175 561 1210 622 τά

185 660 266 738 τίμια
290 659 362 733 ξύλα
383 659 512 733 πολλοὺς
534 659 760 741 ἐπληροφόρησε
784 658 888 741 λέγοιν·
913 657 954 738 μδι
976 657 1029 720 τὸν
1051 665 1208 739 προσηλω-

159 756 279 818 ιδέντα
306 758 349 831 είς
375 767 466 818 ταῦτα
493 759 613 839 κύριον,
640 758 719 820 οὕτω
743 781 793 836 μοι
820 752 902 819 εἶπεν
928 754 944 817 6
966 757 1121 837 βασιλεύς,
1151 757 1207 818 ὅτι·

187 855 242 917 οάκ
264 855 324 917 ἐστι
345 855 418 929 θεὸς
441 854 457 918 6
481 855 619 938 Χριστός,
645 854 695 916 διά
717 864 804 916 τοῦτο
828 853 898 917 οὐδὲ
920 855 976 934 τήν
1000 856 1130 936 Μαρίαν
1154 855 1207 935 ἔχοι

185 954 340 1033 θεοτόκον,
363 953 489 1033 ἐξεμάνη
512 953 630 1034 σφόδρα
652 947 716 1014 κατ’
733 952 826 1015 αύτοῶ
850 951 890 1027 ὡς
913 952 945 1014 τὸ
969 953 1135 1035 μυστήριον
1156 963 1206 1032 τής

186 1050 377 1130 βλασφημίας
395 1050 488 1112 αύτοῦ
507 1052 775 1131 θριαμβεύσαντος,
796 1050 846 1113 καί
865 1050 980 1123 ἐπιθείς
999 1051 1079 1135 αὐτῷ
1096 1050 1206 1124 πολλὰς

186 1147 300 1229 πληγὰς
322 1148 540 1229 ἐθριάμβευσεν
567 1147 660 1211 αὐτὸν
687 1148 735 1210 ἐπί
758 1154 833 1211 λαοῦ
858 1148 908 1210 καί
931 1150 1134 1229 ἱπποδρομίας
1158 1149 1205 1229 ἐμ-

148 1270 173 1309 ιο
187 1247 379 1327 παιζόμενον,
407 1246 625 1325 ἐμπτυόμενον,
658 1247 832 1326 συρόμενον.
877 1241 938 1309 εἶτα
965 1246 1205 1326 ἀσφαλισάμενος

186 1345 279 1407 αάτδν
301 1345 333 1407 ἐν
355 1368 415 1406 τινι
437 1345 517 1430 τόπῳ
542 1344 711 1407 ἀποστέλλει
737 1346 812 1424 πρὸς
834 1345 926 1407 αύτδν
953 1347 1130 1426 πατρικίους
1158 1347 1207 1406 καί

186 1461 292 1522 φησιν·
317 1445 347 1504 τί
367 1442 459 1525 λέγεις
481 1442 547 1525 ἀρτι
569 1444 636 1526 περί
659 1454 712 1524 τής
729 1445 854 1517 πίστεως
876 1441 963 1522 ήμῶν
985 1441 1035 1504 καί
1058 1452 1114 1522 τῆς
1135 1461 1204 1504 συν-

183 1541 259 1602 ’όδου
281 1534 319 1619 ής
341 1541 535 1621 ἐποιήσαμεν;
563 1539 579 1602 δ
603 1540 635 1603 δὲ
659 1541 839 1621 ματαιοιθεὶς
865 1547 931 1614 ταῖς
954 1539 1041 1621 φρεσί
1069 1539 1121 1602 καί
1144 1541 1204 1603 οίό-

185 1661 273 1718 μενος
295 1639 386 1702 αὐτὸν
409 1640 499 1701 πάλιν
521 1640 766 1719 ἐξευμενίσασθαι
788 1638 965 1721 ἀποκρνθείς
987 1633 1082 1700 εἷπεν·
1109 1645 1204 1712 καλῶς

145 1757 171 1799 ιο
184 1737 330 1810 πιστεύεις
351 1736 402 1798 καὶ
424 1743 520 1811 καλῶς
543 1737 598 1816 τήν
621 1739 751 1799 σύνοδον
774 1738 925 1816 ἐποίησας.
964 1737 995 1798 οί
1016 1735 1048 1798 δὲ
1072 1736 1203 1818 ἐπιγελά-

185 1851 289 1908 σαντες
310 1844 345 1920 τή
367 1835 460 1898 αὐτοῦ
484 1834 571 1920 ἀνυίῳ
594 1831 691 1897 είπον·
720 1833 804 1914 ήμεῖς
827 1844 913 1896 τοῦτο
937 1833 987 1896 καί
1010 1835 1107 1913 μόνον
1132 1834 1203 1915 ήθὲ-

185 1937 274 2011 λομεν
296 1932 423 1995 ἀκοῦσαι
444 1933 523 2013 παρὰ
547 1944 599 1994 τοῦ
618 1944 727 2014 μιαροῦ
746 1953 801 1994 σου
820 1932 970 2012 στόματος.
1011 1931 1072 1993 ἀπὸ
1097 1932 1131 1995 δὲ
1154 1943 1203 1994 τοῦ

185 2041 243 2092 νῦν
265 2029 376 2093 ἀπελθε
399 2032 441 2104 εἰς
463 2031 496 2092 τὸ
519 2031 658 2111 ἀνάθεμα
681 2031 730 2093 καί
753 2032 795 2105 είς
817 2031 849 2093 τὸ
871 2031 983 2104 σκότος.
1024 2041 1203 2113 παραχρῆμα

182 2147 396 2154 .—..—....——.....

256 2201 287 2248 11
297 2213 362 2264 -μ,
379 2200 440 2262 75⁷,
455 2200 470 2247 3
490 2195 525 2261 cf.
541 2195 666 2263 Theoph.
680 2213 708 2264 p.
724 2200 785 2261 442,
801 2201 824 2248 1.

255 2324 272 2371 3
291 2320 378 2373 αὐτοῦ
395 2337 446 2374 om.
462 2319 496 2372 N.
512 2351 545 2359 —-
566 2325 582 2372 8
597 2317 786 2391 βλασφημίας]
802 2315 944 2390 βασιλείας
957 2317 1016 2372 CR.
1033 2349 1067 2358 —
1088 2325 1104 2372 9
1121 2318 1203 2372 ἱππο-

184 2387 301 2459 δρομίαν
321 2391 427 2461 ΑΒ(Ρ).

182 2552 236 2593 τοις
263 2534 310 2586 καί
339 2534 471 2602 αὐθάδης
497 2541 586 2586 ταῦτα
614 2532 875 2602 παραγραψάμενος
903 2533 951 2585 καλ
977 2531 1028 2586 τὸν
1052 2531 1202 2601 ὁμώνυμον
1283 2525 1284 2564 ³

183 2604 271 2657 αὐτοῦ
285 2604 491 2674 χειροτονήσας,
510 2605 547 2666 ὡς
561 2599 638 2678 ᾤετο,
653 2607 753 2666 δεινῶς
766 2602 883 2671 ύστερον
898 2602 1016 2672 ἐξεμάνη
1032 2600 1097 2657 κατ’
1115 2603 1202 2656 αὐτοῦ

183 2675 220 2736 ὡς
237 2674 269 2728 τὸ
289 2675 440 2744 μυστήριον
458 2684 508 2744 τῆς
522 2673 700 2746 βλασφημίας
719 2676 806 2729 αύτοῶ
825 2675 1066 2746 θριαμβεύσαντα.
1100 2674 1202 2742 μαθὼν

182 2745 235 2814 γάρ
258 2747 381 2818 ἀκριβῶς
405 2744 446 2801 ότι
467 2746 608 2813 κρατήσας
625 2746 660 2800 τά
678 2744 757 2816 τίμια
780 2746 848 2811 ξύλα
866 2767 891 2800 κ.
906 2766 929 2800 τ.
944 2749 966 2799 λ.
985 2763 1071 2814 usque
1090 2747 1128 2800 ad
1146 2750 1201 2800 οἵ

183 2815 329 2872 θεοτόκον.
367 2818 412 2874 διδ
430 2827 530 2873 τοῦτον
550 2817 564 2871 6
583 2816 737 2887 μιαιφόνος
755 2816 823 2887 μετδι
842 2820 950 2871 πολλῶν
969 2816 1135 2887 ἐμπαιγμῶν
1154 2817 1202 2870 καί

181 2886 323 2958 μαστίγων
338 2890 383 2944 ἐπὶ
397 2892 465 2944 λαοῦ
480 2890 529 2943 καλ
543 2888 734 2959 ίπτιοδρομίου
750 2888 944 2957 ἐκπομπεόσας
956 2888 1118 2942 ἀποστέλλει
1133 2887 1203 2955 πρὸς

182 2960 269 3015 αὐτὸν
288 2958 453 3028 πατρικίους
471 2962 521 3014 καὶ
540 2958 638 3030 φησίν·
664 2959 691 3015 τί
714 2960 801 3030 λέγεις
822 2959 885 3026 ἀρτι
904 2981 928 3013 κ.
947 2980 970 3012 τ.
991 2963 1013 3013 λ,
1034 2963 1068 3029 (υ.
1090 2962 1144 3027 12).
1168 2990 1201 2999 -

183 3038 198 3084 6
213 3033 262 3086 καὶ
276 3032 325 3088 διδι
338 3041 420 3088 τοῦτο
430 3033 460 3086 Ρ.
471 3064 506 3074 -
517 3039 550 3087 14
565 3031 810 3100 ἐξευμενίσασθαι·
826 3035 924 3094 καλῶς,
939 3031 1003 3098 ἔφη,
1017 3031 1159 3091 πιστεύεις
1172 3029 1200 3082 P.

183 3135 216 3142 -
232 3109 319 3157 1616
334 3103 475 3172 ἐποίησας.
502 3103 529 3158 οἱ
539 3105 570 3158 δὲ
580 3103 786 3170 ἀποκριθέντες
800 3098 892 3157 εἷπον·
908 3102 1152 3172 ήμεῑςΡΤλιοορλι.
1168 3133 1201 3140 -

183 3180 241 3228 18-
249 3191 279 3242 μ.
291 3180 343 3228 767
346 3182 379 3241 ,4
394 3174 428 3230 ὃν
442 3178 490 3229 καί
500 3182 671 3246 παραχρῆμα
686 3173 931 3244 καρατομήσαντες
944 3173 996 3242 τήν
1010 3173 1061 3242 μὲν
1074 3172 1201 3241 κεφαλήν

182 3246 270 3298 αύτοῶ
290 3246 321 3300 ἐν
338 3252 377 3318 τῷ
396 3246 476 3317 φόρῳ
496 3244 665 3315 ἐκρέμασαν,
685 3247 715 3300 τὸ
735 3245 767 3302 δέ
786 3254 863 3315 σῶμα
886 3246 916 3300 ἐκ
934 3254 990 3300 τῶν
1009 3248 1105 3300 ποδῶν
1125 3261 1201 3315 σχοι-

182 3314 234 3385 νίῳ
254 3315 399 3382 (δήσαντες
416 3316 544 3388 καλωδίῳ
562 3319 612 3371 τὸν
626 3317 702 3372 πόδα
717 3317 854 3386 Theoph.)
873 3317 1007 3383 σύραντες
1022 3316 1142 3384 ἔρριψαν
1162 3315 1202 3375 είς

183 3384 218 3437 τδι
231 3384 374 3452 πελαγίου,
390 3387 464 3440 ἔνθα
478 3382 513 3454 ήν
529 3388 543 3440 6
557 3396 608 3440 τοῦ
622 3388 667 3455 ἀγ.
682 3389 762 3457 μάρτ.
776 3391 834 3442 πελ.
850 3385 920 3448 ναός
933 3409 957 3441 κ.
966 3408 989 3441 τ.
998 3390 1020 3441 λ.
1035 3386 1155 3456 (steph.)
1169 3385 1200 3450 Ρ,

184 3456 232 3522 qui
250 3462 314 3520 μοεί
336 3453 477 3523 Πελαγίου
497 3474 526 3524 μ.
549 3463 649 3524 ww
676 3460 769 3512 addit.-
791 3459 890 3513 πολλοὶ
913 3458 966 3528 γὰρ
989 3462 1027 3530 τῷ
1047 3455 1126 3529 φόβῳ
1150 3465 1200 3510 τοῦ

185 3525 340 3589 δυσμενοῦς
367 3525 633 3592 ἐπαμφοτερίζοντες
660 3529 728 3596 μετδι
754 3527 871 3597 διπλόης
895 3529 946 3597 τήν
972 3527 1122 3598 ὁμολογίαν
1150 3533 1201 3594 τής

182 3591 303 3651 πίστεως
320 3589 405 3661 είχον,
441 3595 515 3647 Tum
533 3599 593 3650 αίίυ
610 3605 763 3666 sequuntur
781 3601 937 3670 ίλοοίομίοει.
