2617 3909
534 235 723 286 XPONIKON
1073 233 1138 298 699

118 374 257 463 Ῠθεωρίαν
284 379 415 462 όλιχωρῶ
442 380 493 442 καλ
515 382 619 442 πίπτω.
666 381 828 459 ἐπιστεύθη
851 381 883 444 δὲ
906 383 1139 464 συμψευδομαρ-

123 489 285 560 τυροῦντος
312 479 391 562 αύτῷ
412 474 565 559 Ἀρειανοῦ
592 501 673 552 τινος
706 489 837 559 μοναχοῦ
865 480 1069 559 ψευδωνύμου
1097 473 1137 566 δι’

123 575 361 659 αἰσχροκέρδειαν
392 585 446 638 τοῦ
482 575 533 636 καί
563 578 678 649 τελείως
709 575 913 655 ἀπατήσαντος
945 577 1045 639 αὐτόν.
1090 575 1141 638 καὶ

123 675 220 747 οῦτως
247 671 266 752 ή
290 673 367 755 χυυή
394 678 581 752 πλανηθεῖσα
607 673 658 735 καί
685 672 785 748 άλλαις
811 675 928 756 γυναιξί
955 684 1141 754 συντυχοῦσα

124 770 291 850 ὁμοφύλοις
313 771 406 850 αὐτῆς
429 770 551 852 ἐκήρυξε
574 771 735 851 προφήτην
763 771 854 834 αὐτὸν
876 767 961 834 εἶναι.
1007 776 1141 854 προῆλθε
1169 794 1181 833 ε

122 867 158 930 δὲ
181 870 212 931 τδ
232 870 346 946 ψεῦδος
369 878 423 948 τῆς
442 867 557 947 ἀπάτης
579 867 630 929 καὶ
652 869 695 941 εἰς
717 866 813 950 όίνδρα
835 870 988 950 φύλαρχον
1010 868 1141 947 τούνομα

112 967 291 1048 ,Βονβάχαρ
339 963 358 1044 ή
392 959 447 1027 ούν
485 965 561 1045 γονή
599 972 738 1027 θανοῦσα
774 976 879 1029 τοῦτον
917 968 1056 1048 διάδοχον
1092 965 1142 1046 καὶ

122 1063 312 1146 κληρονόμον
343 1062 503 1125 κατέλιπεν.
549 1062 582 1124 ἐκ
608 1064 715 1125 τούτου
744 1056 799 1125 ούν
830 1063 943 1146 ἐγένετο
975 1063 1143 1146 περιφανής

122 1159 203 1242 άγαν
235 1159 275 1234 ὡς
306 1161 489 1241 περιούσιος,
520 1159 571 1221 καί
601 1159 738 1242 κατέσχεν
765 1159 784 1240 ή
812 1163 930 1243 πονηρά
962 1163 1059 1241 πλάνη
1092 1161 1142 1222 καί

123 1260 237 1341 αἵρεσις
260 1258 352 1320 αὐτοῦ
374 1258 409 1318 τά
433 1257 507 1338 μέρη
529 1267 582 1336 τής
602 1252 758 1340 Ἐθρίβον.
1156 1279 1182 1319 ιο

197 1350 293 1429 Ούτος
315 1353 331 1416 δ
354 1355 499 1434 θεομισής
526 1354 576 1415 καλ
598 1360 785 1433 παλαμναῖος
809 1355 972 1436 περιτυχὼν
991 1349 1143 1436 Ἑβραίοις

123 1476 341 1493 ·--Ώψ---

201 1535 305 1596 ll-p.
321 1532 412 1594 ‘1029
431 1526 580 1581 Michaelis
599 1526 723 1595 syncelli
741 1527 813 1580 teste
832 1526 892 1580 cod.
907 1525 929 1578 P
948 1529 992 1596 (cs.
1010 1528 1087 1596 noi).

202 1684 252 1731 1.2
276 1678 350 1749 αύτῷ
374 1681 510 1747 σνμψενδ.
530 1676 554 1730 C
578 1679 655 1750 αὐτῷ
678 1694 728 1732 ουτ.
750 1677 780 1731 Ρ.
805 1710 840 1717 -
867 1684 879 1730 1
906 1679 957 1732 σύν
980 1675 1142 1746 ψευδομ.])

126 1751 430 1818 ψευδομαρτυροῦντος
438 1748 498 1802 BL.
510 1780 542 1790 -—
553 1746 795 1821 δαίσχροκερδίαν
805 1749 887 1819 (ἐσχρ.
896 1748 936 1818 Μ)
942 1748 1016 1801 ELN
1030 1748 1143 1819 αἰσχρο-

128 1817 246 1888 κέρδιαν
266 1818 297 1873 G.
317 1849 351 1860 -
374 1826 458 1887 6τῆς
475 1819 585 1889 ἀπάτης
602 1821 651 1873 καλ
669 1820 762 1876 ουκΒ
785 1821 834 1874 κοιλ
852 1837 902 1875 om.
917 1821 949 1873 A.
970 1850 1003 1859 -
1028 1816 1144 1873 8κοιτέ-

124 1895 222 1946 λειπεν
244 1890 327 1945 OGN
350 1889 516 1958 κατέστησεν
538 1891 569 1943 Β.
594 1922 629 1932 -
652 1896 727 1945 9.10
750 1892 799 1945 κοιλ
821 1889 839 1959 ἡ
863 1889 968 1960 αίρεσις
986 1889 1012 1944 V
1030 1897 1056 1945 et
1072 1905 1142 1944 rece.

130 1962 256 2030 quidam.
277 1994 310 2002 -
331 1967 364 2014 10
384 1958 542 2032 ἐθρίβοῦῦ
566 1961 691 2032 ἐθρήβον
710 1963 735 2013 A
758 1959 893 2032 αίθρίβου
912 1960 1000 2014 ELM.

202 2118 215 2165 1
235 2108 376 2182 θεωρίαν]
394 2110 468 2166 θέαν
486 2111 611 2165 PConst.
622 2111 748 2180 Theoph.
768 2143 801 2151 -
822 2117 837 2163 3
856 2120 906 2166 τοῦ
925 2112 974 2164 καλ
991 2112 1044 2164 τελ.
1059 2110 1144 2164 άπατ.

127 2180 218 2237 αύτόν
228 2200 278 2237 om,
286 2182 538 2250 Pconstffheoph.
547 2213 580 2221 -
592 2188 609 2234 4
618 2182 748 2251 χυναιξλν
758 2181 841 2251 δμοφ.
850 2180 993 2250 κηρύξασοι
1003 2199 1049 2250 πρ.
1058 2180 1145 2235 αὐτὸν

130 2249 206 2308 είναι
224 2256 351 2321 προῆλθε
369 2252 401 2306 τδ
419 2264 451 2321 ψ.
466 2251 592 2306 ΡΟοοελ.
612 2285 645 2293 -
667 2258 718 2305 7.8
737 2255 804 2306 θοιν.
819 2253 868 2306 καί
886 2259 986 2306 τοῦτον
1007 2251 1082 2305 διάδ.
1096 2253 1146 2306 καλ

128 2327 207 2393 κληρ,
226 2320 419 2391 καταλείψασα
437 2332 493 2376 τῶν
512 2322 613 2392 ἑαυτῆς
629 2322 739 2392 ἐγένετο
753 2321 878 2377 PGonst.
896 2355 930 2363 —
950 2329 965 2376 9
985 2322 1032 2393 ὡς]
1053 2323 1101 2376 καλ
1114 2323 1143 2377 P.

129 2427 166 2435 -
187 2393 277 2463 πλάνη
300 2414 330 2448 τε
353 2395 401 2448 καί
418 2393 544 2448 ΡΟουελ.
568 2426 603 2434 -
628 2400 661 2446 10
680 2397 747 2449 Post
772 2391 888 2465 ἐθρίβον
910 2394 933 2447 Ρ
955 2395 1146 2462 Theophanem

128 2467 320 2521 sicutissime
338 2466 430 2519 addit:
449 2463 561 2530 ἐδίδαξε
578 2464 633 2535 γάρ
651 2460 733 2526 οὗτος
752 2463 940 2534 δποιράφρων
959 2467 1008 2540 ναί
1021 2483 1146 2554 πεφενα-
1198 2486 1202 2494 ·

127 2536 261 2604 κισμένος
281 2538 346 2598 τούς
369 2537 444 2607 αὐτῷ
462 2535 663 2608 πειθομένους,
686 2533 728 2590 δτι
747 2535 762 2590 δ
782 2537 911 2602 φονεύων
930 2536 1036 2608 ἐχθρὸν
1054 2555 1072 2604 η
1089 2536 1145 2590 ῦπδ

130 2608 238 2677 ἐχθροῦ
255 2605 443 2676 φονευόμενος
461 2608 502 2670 εἰς
515 2608 565 2661 τὸν
578 2607 752 2674 παράδεισον
767 2605 930 2678 εἰσέρχεταιἸ
944 2608 995 2663 τὸν
1010 2608 1041 2663 δὲ
1054 2606 1147 2673 παρά-

129 2680 227 2733 δεισον
246 2685 379 2746 σαρκικής
396 2679 523 2749 βρώσεως
545 2679 594 2731 καλ
612 2675 720 2740 πόσεως
741 2679 791 2732 καλ
809 2677 906 2748 μίξεως
925 2687 1069 2748 γυναικῶν
1089 2678 1146 2732 ἐσε-

129 2753 211 2804 σθαι.
244 2749 371 2817 ποταμόν
385 2748 466 2803 οίνου
479 2749 528 2802 καί
542 2747 649 2818 μέλιτος
667 2749 715 2803 καί
728 2748 866 2819 γάλακτος
880 2750 915 2804 ἐν
929 2751 1004 2804 αύτῶ
1019 2752 1147 2817 διαρκεῖν

128 2819 336 2887 όσαρκόφρων
359 2820 408 2874 καλ
426 2819 578 2888 φιλήδονος
599 2819 783 2888 ἐμνθεύσατο.
821 2818 1148 2890 (ἐδίδαξε-εἰσέρχεται

129 2892 181 2945 καλ
199 2891 268 2945 ἄλλα
290 2889 342 2945 όσα
361 2892 482 2962 φλυαρεῖ
499 2890 610 3016 Consi&
630 2923 666 2932 —
686 2897 790 2961 11-12.
807 2896 867 2958 702,
883 2896 898 2944 9
912 2898 977 2960 post
1015 2895 1147 2957 .706,17

129 2966 184 3017 ins.
200 2962 231 3025 P,
250 2963 299 3032 qui
311 2963 351 3016 είι
365 2963 476 3030 incipit:
495 2963 567 3029 Περὶ
610 2984 626 3018 ν
641 2960 780 3034 μέντοιγε
798 2963 847 3016 κοιλ
865 2961 966 3031 μιχαὴλ
1011 2961 1149 3030 μακάριος

131 3034 182 3088 καλ
200 3033 347 3103 σύγκελλος
363 3041 414 3101 τῆς
431 3030 514 3103 άχίας
531 3031 637 3096 πόλεως
655 3031 710 3102 ἐφη
730 3031 769 3088 δι’
789 3033 922 3101 ἐπιτομῆς
938 3031 1046 3087 τοιάδε·
1068 3033 1148 3102 ίσμα-

131 3108 225 3173 ηλῖται
248 3102 275 3158 ολ
298 3104 346 3157 κοιλ
369 3104 507 3173 άχαρηνολ
529 3105 578 3158 καλ
602 3105 758 3172 σαρακηνολ
780 3103 838 3158 άπδ
857 3102 957 3172 ίσμαὴλ
979 3111 1029 3157 τοῦ
1051 3102 1082 3158 ἐκ
1099 3111 1149 3172 τῆς

129 3173 1147 3315 λλλλίὶίθίλδίήέίίίξᾶίιδήδή,λ”ιῖιλῖίάλῖίλίδῖολῗιδίιῖί

133 3313 212 3371 οὗτοι
230 3317 281 3386 μὲν
301 3315 352 3378 ἐως
368 3314 518 3384 ήρακλείοο
536 3299 586 3370 τοῦ
605 3299 739 3387 βασιλέως
756 3324 912 3384 προφανῶς
930 3315 1148 3383 είδωλολάτρονν

126 3395 359 3456 Δπροσκυνοῦντες
376 3391 415 3460 τῷ
429 3386 563 3458 ἑωσφόρῳ
581 3395 614 3457 τῇ
634 3388 683 3440 καλ
701 3383 851 3458 ἀφροδίτη,
870 3385 906 3454 ἣν
924 3387 960 3456 δὴ
978 3387 1027 3440 καί
1040 3385 1148 3456 κονβδιρ

133 3466 167 3529 τῇ
183 3458 291 3513 ἑαυτῶν
305 3457 491 3526 ἐπωνόμασαν
506 3459 594 3528 χλώσσ
613 3499 621 3524 ,
640 3456 655 3512 δ
670 3457 728 3512 ἐστι
739 3457 851 3527 μεγάλη.
883 3457 940 3512 ἀπὸ
955 3456 986 3512 δὲ
1000 3452 1149 3526 ήρακλείον

133 3529 185 3582 καλ
203 3531 286 3597 δεῦρο
304 3528 544 3598 ψευδοπροφήτης
566 3550 585 3582 α
619 3538 663 3591 οῖς
685 3529 795 3598 άνεφύη
818 3530 978 3599 μονχούμεδ
995 3525 1149 3596 λεγόμενος,

133 3597 167 3661 ὃς
178 3601 339 3669 περιτυχὼν
356 3603 411 3653 κτλ.
