2617 3909
177 231 244 296 560
489 232 676 283 rumoT
693 231 876 284 Μοαιττου

179 381 301 461 αἵματος
328 379 544 460 άναδοθέντος,
574 380 607 441 ἐν
634 402 692 440 τινι
720 380 855 465 φρουρίῳ
883 380 1011 453 Γαλλίας
1040 379 1202 458 ἐτελειώθη

178 477 383 560 κληρονόμους
405 476 575 539 καταλιπὼν
598 487 650 556 τῆς
673 478 822 557 βασιλείας
845 476 938 538 αὑτοῦ
956 476 1123 560 Γρατιανδν
1147 478 1203 539 τδν

179 577 247 639 υἱὸν
277 575 370 638 αύτοῦ
393 574 570 656 Αὔγουστον
599 572 671 636 όντα
697 574 748 636 καί
775 575 1026 637 Οὐαλεντινιανδν
1052 573 1123 636 νόον
1148 597 1202 635 κο-

181 676 253 755 μιδή
276 674 458 755 τυγχάνοντα
484 672 535 734 καί
563 672 652 752 μήπω
679 682 739 733 τῶν
764 674 925 753 βασιλικῶν
947 672 1106 753 συμβόλων
1129 695 1201 733 κατ-

154 771 355 847 εαξιωθέντα.
392 767 429 831 δν
451 767 470 849 ή
494 768 610 851 ἀνάγκη
633 780 693 831 τῶν
711 770 936 851 ἐπιχειρούντων
963 768 1015 831 τδν
1032 769 1125 831 τόπον
1145 778 1203 849 τῆς

180 871 329 952 βασιλείας
342 868 528 949 ὑφαρπάζειν
547 865 587 940 ὡς
602 869 777 949 σχολάζοντα
795 868 992 950 παρεσκεύασε
1006 867 1056 929 καλ
1069 866 1202 939 ἀπόντος

179 978 232 1030 τοῦ
259 966 392 1045 ἀδελφοῦ
419 964 474 1044 τήν
501 966 662 1049 πορφύραν
689 965 884 1046 ἐνδύσασθαι,
907 965 1032 1047 Πρόβου
1059 966 1092 1028 τὸ
1115 987 1200 1044 τηνι-

180 1075 274 1127 καῦτα
295 1074 405 1137 πιστῶς
428 1064 461 1126 τδ
484 1072 604 1144 πρᾶγμα
628 1063 911 1145 μεταχειρισαμένου.

1 1242 2 1251 ¹
81 1181 121 1220 4⁶2
135 1178 166 1217 M·
246 1157 321 1225 Κατ’
339 1163 470 1235 ἐκείνους
493 1159 526 1222 δέ
548 1161 618 1235 τοὺς
640 1162 763 1242 καιρούς
786 1160 903 1241 σεισμὸς
926 1160 1015 1243 μέγας
1037 1159 1088 1222 καλ
1106 1162 1199 1241 φοβε-

142 1285 168 1325 ιο
181 1262 310 1343 ράτατος
332 1259 467 1342 γέγονεν,
496 1257 536 1331 ὡς
563 1258 595 1320 ἐν
614 1254 817 1343 Ἀλεξανδρείᾳ
844 1258 1035 1340 ὑποχωρῆσαι
1062 1256 1116 1338 μὲν
1143 1257 1200 1337 τήν

181 1359 336 1421 θάλασσαν
358 1356 407 1420 ἐπὶ
430 1358 521 1439 πολύ,
549 1357 584 1418 τὰ
607 1355 638 1418 δέ
647 1350 752 1440 ζπλοῖα
778 1354 819 1430 ὥς
846 1355 894 1417 ἐπί
920 1358 1012 1438 ξηρᾶς
1035 1355 1201 1438 εὑρεθῆναι

181 1458 308 1536 κείμενα.
345 1460 463 1535 πλῆθος
482 1454 514 1517 δὲ
532 1462 606 1517 λαοῦ
630 1453 852 1536 συνδραμόντος
874 1455 916 1526 είς
934 1452 1012 1516 θέαν
1031 1463 1085 1515 τοῦ
1103 1474 1199 1535 παρα-

183 1554 273 1626 δόξου
296 1554 465 1633 θαύματος,
494 1552 544 1613 καί
567 1563 619 1614 τοῦ
642 1553 752 1626 όδατος
773 1553 863 1613 πάλιν
886 1550 1127 1632 ὑποστρέψαντος
1149 1549 1200 1612 καὶ

182 1650 376 1730 ἐκβεβηκότος
397 1651 576 1731 μακρότερον
594 1660 647 1711 τοῦ
666 1649 822 1728 συνήθους
839 1649 941 1729 τόπου,
964 1650 1200 1728 κατεποντίσθη-

144 1770 169 1811 15
184 1766 240 1808 σαν
263 1746 435 1827 ἀνθρώπων
458 1748 599 1829 μυριάδες
621 1745 658 1828 ε’,
686 1746 736 1808 καί
762 1746 814 1821 τὰς
842 1744 896 1826 μέν
922 1747 1014 1808 ἐκεῖσε
1038 1765 1200 1828 προσορμι-

186 1846 292 1919 ζούσας
316 1853 390 1919 ναῦς
413 1846 445 1907 τὸ
469 1846 550 1925 ὕδωρ
573 1846 792 1925 κατεκάλυψεν,
819 1843 871 1917 τδις
899 1842 931 1905 δὲ
958 1844 991 1906 ἐν
1018 1851 1058 1929 τῷ
1081 1851 1204 1928 ποταμῷ

183 1944 283 2029 Νείλῳ
307 1942 478 2023 εὑρεθείσας
501 1941 666 2024 ἀπέρριψεν
685 1942 701 2005 ὑ
719 1943 851 2022 ποταμὸς
874 1942 916 2016 είς
938 1943 993 2022 τήν
1013 1942 1106 2026 ξηρὰν
1130 1942 1201 2021 μετὰ

183 2046 294 2121 πολλῆς
321 2050 373 2121 τής
396 2041 493 2122 ῥύμης
521 2040 602 2121 μέχρι
630 2041 758 2102 σταδίων
780 2036 842 2121 ρπ’.
888 2039 961 2101 όιλλδι
986 2039 1046 2120 μήν
1074 2040 1124 2101 καί
1147 2049 1201 2119 τῆς

183 2139 304 2221 Κρήτης
328 2137 377 2199 καὶ
400 2148 453 2218 τῆς
469 2134 586 2218 Ἀχαλας
608 2136 659 2199 καὶ
678 2139 824 2211 Βοιωτίας
847 2137 896 2199 καὶ
918 2147 971 2218 τῆς
986 2131 1128 2219 Ἠπείρου
1150 2137 1202 2198 καὶ

144 2262 171 2300 το
184 2238 322 2310 Σικελίας
344 2235 380 2296 τά
402 2242 522 2298 πλεῖστα
545 2235 618 2315 μέρη
641 2233 753 2315 συνέβη
776 2237 840 2298 τότε
862 2234 1041 2315 άπολέσθαι,
1066 2244 1119 2315 τής
1141 2241 1202 2296 θα-

130 2412 134 2419 .
184 2334 293 2413 λύσσης
316 2332 513 2412 ἀνελθούσης,
536 2332 587 2394 καὶ
605 2332 699 2394 πολλὰ
717 2338 805 2394 πλοῖα
823 2332 1002 2411 ὑψωθέντος
1019 2341 1072 2393 τοῦ
1091 2333 1202 2406 ὕδατος

257 2508 325 2555 1-8
344 2503 435 2556 Rufin.
450 2502 484 2571 Π,
501 2508 541 2556 12.
562 2534 595 2543 -
615 2509 693 2572 9sqq.
713 2506 747 2571 cs.
763 2502 888 2572 Theoph.
900 2520 929 2573 μ.
946 2509 989 2570 56,
1004 2508 1046 2558 10.
1070 2501 1203 2558 Socrates

93 2619 107 2646 ‚
184 2574 256 2627 Hist.
272 2574 339 2627 οοολ.
354 2573 401 2641 IV,
417 2580 443 2641 3,
458 2580 481 2626 3.
507 2573 614 2627 Sozom.
629 2573 664 2626 H.
680 2574 746 2629 οοολ.
762 2574 905 2643 VL2,14.

256 2740 273 2786 4
291 2731 405 2801 μηδέπω
424 2733 480 2785 ΑΒ.
502 2764 534 2773 -
560 2739 574 2785 7
594 2733 636 2803 τὸ]
656 2738 695 2806 τῷ
712 2733 771 2786 ΕΜ
791 2742 841 2788 τοῦ
860 2733 918 2787 CR.
939 2766 972 2774 -
996 2734 1028 2789 τὸ
1045 2743 1202 2805 τηνικαῦτα

185 2802 332 2874 ὑπάρχουλ
359 2803 450 2858 Probo
478 2806 546 2858 tuno
573 2804 717 2873 praefecto
744 2804 807 2858 auf.
834 2837 867 2845 —
897 2811 913 2859 8
936 2804 1202 2876 μεταχειρισαμένου

185 2874 366 2945 (-ρησαμένου
389 2875 424 2945 Α)
448 2874 550 2928 ABPV
573 2875 849 2947 μετεγχειρισαμένου
869 2878 1061 2947 (μετεγχειρησ.
1082 2876 1101 2930 C
1125 2896 1202 2945 μετε-

184 2964 286 3018 χειρησ.
306 2946 341 3016 Β)
365 2946 504 3001 CELNR.
529 2978 562 2987 —
592 2952 608 2999 9
630 2944 751 3017 χρόνους
768 2946 825 3000 ΑΒ.
850 2980 883 2988 -
911 2953 943 3000 12
966 2950 1076 3018 πλῆθος
1098 2948 1202 3001 ABPR

183 3016 313 3084 πλήθους
339 3018 399 3071 rell.
428 3049 462 3057 —
491 3018 670 3085 συνδραμδνλ
697 3049 731 3057 -
760 3024 793 3073 14
816 3016 961 3087 μακρόθεν
982 3018 1008 3073 V
1034 3036 1084 3073 om.
1106 3018 1136 3072 P.
1165 3050 1201 3059 —

187 3094 219 3142 15
239 3088 326 3143 ἐκεῖσε
345 3088 446 3142 ABPV
470 3088 581 3143 ἐκεοθεν
599 3088 660 3142 rell.
681 3120 713 3128 —
738 3095 781 3143 16.
793 3095 825 3142 17
846 3090 877 3144 ἐν
894 3094 934 3162 τῷ
948 3088 1028 3162 νείίῳ
1047 3094 1163 3163 ποταμῷ
1176 3091 1203 3144 A

185 3158 215 3212 ἐν
229 3177 252 3211 τ.
267 3177 329 3213 ποτ.
343 3163 382 3231 τῷ
396 3157 475 3231 νείλιμ
490 3158 522 3212 V.
538 3191 572 3200 —
594 3165 626 3212 19
643 3155 774 3230 βοιωτίας
788 3160 864 3213 ΑΒΡ
882 3167 932 3228 τῆς
946 3158 1077 3232 βοιωτίας
1089 3160 1150 3215 rell.
1166 3193 1200 3201 —

185 3235 219 3283 20
238 3227 300 3283 τότε
319 3228 420 3301 συνέβη
439 3230 488 3285 BV
510 3227 572 3285 τότε
590 3248 640 3285 om.
656 3230 693 3282 M.

257 3393 273 3441 9
298 3384 345 3456 ἐφ’
367 3384 400 3442 οὑ
425 3388 534 3457 σεισμὸς
557 3388 587 3441 Ρ.
615 3420 647 3428 -
678 3390 772 3459 ψοβερ.
794 3410 823 3445 τε
846 3392 895 3445 καλ
917 3390 1090 3461 παγκόσμιος
1112 3391 1140 3445 Ρ.
1165 3422 1200 3431 -

187 3464 220 3513 10
245 3458 276 3513 ἐν
299 3459 371 3523 ἀλεξ.
396 3458 445 3526 μὲν
468 3460 649 3530 ὑποχωρῆσαι
673 3459 702 3512 Ρ.
727 3492 761 3500 -
791 3468 822 3514 11
847 3463 895 3517 καλ
918 3462 953 3517 τά
976 3466 1060 3517 πλοῖα
1083 3462 1129 3517 ἐπί
1151 3470 1202 3531 τῆς

186 3530 274 3599 ξηρᾶς
292 3529 322 3582 P.
338 3561 371 3569 —
392 3535 425 3604 12
444 3527 558 3597 κείμενα
577 3547 628 3584 om.
642 3529 672 3582 P.
692 3561 727 3571 —
745 3534 855 3601 πλῆθος
873 3533 905 3588 δὲ
922 3541 972 3602 τῆς
989 3532 1095 3596 πόλεως
1112 3534 1152 3595 εἰς
1168 3538 1200 3587 θ.

184 3599 311 3669 τδαύμ.
327 3599 483 3681 δραμόρτος
499 3600 555 3659 Ru.
583 3614 589 3625 “
620 3618 622 3627 1
