2617 3909
190 199 254 262 774
500 200 687 251 Γωνετιον
705 200 887 251 Μούκιον

187 347 237 410 καί
250 349 407 428 θαυμάσια
425 341 486 427 μετ’
503 347 624 430 εἰρήνης
637 345 803 428 ὑπέστρεψε
817 348 872 426 τήν
888 347 1072 430 Νικηφόρον
1089 349 1213 409 σύνεσιν

187 446 238 508 καλ
261 446 411 528 φρόνησιν
433 445 677 526 ὑπερθαυμάσας.

258 550 318 624 Τῆς
341 543 372 606 δὲ
396 543 533 625 Εἰρήνης
555 543 767 622 τελευτησάσης
791 541 823 605 έν
846 553 881 628 τῇ
907 543 1015 628 δξορίμ,
1039 544 1212 623 μετεκόμισε

188 643 221 704 τὸ
239 653 324 721 σῶμα
346 641 439 721 αὐτῆς
457 642 637 721 Νικηφόρος
654 639 671 702 ὁ
690 642 828 721 βασιλεὺς
850 641 883 704 έν
902 651 937 728 τῇ
958 651 1047 726 μονή,
1072 639 1112 720 ἣν
1136 641 1213 720 αύτὴ

162 738 377 826 τῴκοδόμησεν
404 740 436 801 έν
464 749 499 824 τῇ
524 740 690 824 Πριγκήπῳ
718 739 809 826 νήσῳ.
855 741 973 820 σφόδρα
1000 739 1056 821 γὰρ
1087 740 1213 820 εὐσεβὴς
1287 764 1288 769 “

188 838 238 902 καλ
266 839 421 919 φιλάρετος
448 830 523 899 οὖσα
550 835 643 898 πολλὰ
672 835 725 915 μὲν
753 839 921 919 ξενοδοχεῑα
950 837 1001 898 καί
1028 844 1213 920 γηροκομεῖν

188 937 239 999 καί
258 936 439 1016 μοναστήρια
457 937 648 998 κατεσκεύασε
667 935 717 997 καί
736 938 841 1016 φόρων
858 935 1122 1015 κονφισμοὺς-καὶ
1141 935 1213 997 ἀλλα

190 1035 256 1096 τινὰ
290 1039 408 1096 πλεῖστα
445 1033 495 1095 καί
527 1035 658 1113 διάφορα
690 1034 739 1096 καὶ
771 1033 962 1116 ἀναρίθμητα
993 1036 1212 1114 κατορθώματα

191 1135 352 1212 πεποίηκεν
379 1133 421 1204 εἰς
444 1134 640 1212 παραμυθίαν
668 1131 717 1192 καλ
745 1131 915 1193 ἀνάπαυσιν
943 1142 1001 1194 τῶν
1030 1131 1211 1212 πενομένων.

64 1255 179 1296 ωενιο
263 1231 411 1311 Ταρασίου
434 1228 466 1290 δὲ
489 1239 543 1291 τοῦ
565 1232 745 1311 πατριάρχου
773 1231 1011 1310 τελευτήσαντος,
1039 1229 1091 1291 καί
1114 1234 1210 1310 Νικη-

192 1329 289 1410 φόρον
304 1338 356 1390 τοῦ
370 1327 430 1390 ἀπὸ
444 1327 620 1408 ἀσηκρητῶν
634 1326 904 1409 χειροτονηθέντος,
920 1329 1074 1408 Θεόδωρος
1090 1326 1106 1388 ὅ
1121 1326 1209 1410 ἡγού-

190 1451 278 1506 μενος
301 1436 359 1487 τῶν
378 1426 530 1487 Στουδίου
553 1426 603 1487 καί
619 1421 730 1505 Ἰωσήφ
755 1423 770 1486 δ
794 1425 923 1504 ἀδελφὸς
946 1427 1039 1488 αύτού
1062 1425 1114 1486 καί
1141 1429 1208 1487 Θεσ-

189 1526 348 1603 σαλονίκης
375 1524 535 1596 ἐπίσκοπος
565 1525 625 1603 ἀμα
654 1525 794 1585 Πλάτωνι
826 1531 865 1608 τῷ
888 1524 1041 1608 έγκλειστῷ
1070 1523 1122 1584 καὶ
1153 1529 1208 1595 τοῖς

190 1628 305 1694 λοιποῖς
324 1621 423 1682 αὐτῶν
442 1628 583 1702 μοναχοῑς
601 1631 654 1701 τῆς
668 1622 827 1694 κοινωνίας
845 1621 1013 1701 ἀπέστησαν
1028 1621 1206 1703 Νικηφόρον

151 1745 176 1783 15
191 1719 241 1781 διὰ
256 1714 368 1797 Ἰωσήφ
388 1720 439 1782 τὸν
459 1721 689 1798 στεφανώσαντα
710 1720 889 1799 παρανόμως
907 1724 1140 1782 Κωνσταντῖνον
1163 1718 1206 1779 καί

190 1813 243 1879 ὑπ’
269 1817 361 1878 αύτού
391 1816 548 1898 δεηθέντος
578 1818 620 1890 εἰς
648 1817 822 1899 ἱερωσύνην.
869 1816 884 1879 ό
914 1815 946 1878 δὲ
974 1818 1114 1897 βασιλεὺς
1145 1813 1204 1878 κατ’

191 1917 290 1978 αὐτῶν
314 1916 444 1976 σύνοδον
467 1915 636 1976 ἐπισκόπων
665 1915 867 1996 συγκροτήσας
895 1916 936 1989 εἰς
960 1914 1077 1996 ἐξορίαν
1104 1915 1207 1987 αύτούς

191 2013 362 2095 ἐξέπεμψεν.
409 2008 471 2074 είτα
501 2013 575 2075 κατὰ
604 2014 786 2094 Βουλγάρων
818 2013 1044 2094 ἐπιστρατεύσας
1077 2013 1206 2093 ἐνίκησεν

192 2111 302 2184 αύτούς
328 2110 403 2172 κατὰ
432 2113 554 2193 κρότος,
587 2111 659 2172 ὥστε
687 2110 737 2172 καί
764 2111 818 2190 τήν
846 2110 1007 2192 λεγομένην
1035 2111 1134 2190 αύλήν
1161 2120 1206 2172 τού

154 2236 179 2274 ιο
192 2210 324 2291 ἀρχηγοῦ
352 2209 451 2270 αὐτῶν
474 2212 637 2289 Κρούμνον
667 2215 864 2291 πυρπολῆσαι.
910 2209 1025 2270 ἐκείνου
1056 2207 1089 2270 δὲ
1118 2211 1207 2288 δηλό

193 2328 299 2380 σαντος
322 2308 532 2389 παρακλήσεως
554 2309 673 2388 λόγους·
698 2308 870 2368 λκανούσθω
889 2324 947 2386 σοι,
971 2299 994 2367 ἀι
1017 2309 1141 2387 βασιλεύ
1163 2305 1207 2367 καὶ

193 2417 246 2485 τῆς
267 2407 354 2485 νίκης
377 2405 536 2484 ἐπώνυμε,Ι
553 2404 608 2478 ἕως
630 2407 746 2467 τούτου.
793 2405 860 2466 ἰδού
883 2403 938 2486 γάρ
963 2406 1030 2465 λίαν
1053 2407 1208 2484 νενίκηκας

266 2549 335 2596 3-5
350 2545 384 2609 cf.
395 2540 520 2610 Theoph.
532 2559 561 2610 p.
573 2546 634 2609 480,
645 2548 670 2595 6.
687 2574 719 2580 --
735 2547 804 2594 5—-9
820 2540 1007 2594 Theostericti
1021 2541 1081 2594 vita
1095 2541 1207 2596 Nicetae

194 2633 234 2684 cp.
249 2619 291 2666 30.
308 2647 341 2653 —
363 2618 477 2681 10-18
496 2614 530 2678 cf.
546 2613 671 2682 Theoph.
683 2630 712 2682 γ.
728 2619 794 2680 484,
810 2619 850 2666 19.
867 2645 900 2652 -
922 2618 1026 2681 18-μ.
1043 2618 1109 2678 775,
1127 2619 1159 2666 12
1178 2613 1207 2678 cs.

195 2685 320 2755 Theoph.
332 2703 360 2754 γ.
376 2690 436 2749 490,
453 2689 494 2738 26.

268 2808 283 2855 3
301 2809 352 2870 τῆς
369 2801 401 2855 δὲ
420 2800 532 2868 εἰρήνης
546 2800 594 2853 ΑΒ
617 2808 667 2868 τῆς
683 2800 714 2854 δὲ
729 2801 778 2865 είρ.
794 2807 844 2868 τῆς
857 2795 1000 2870 βασιλίδος
1014 2797 1090 2852 CEL
1114 2806 1165 2867 τῆς
1182 2800 1207 2854 δὲ

195 2876 245 2942 είρ.
260 2880 309 2941 τῆς
327 2869 488 2945 βασιλίσσης
501 2871 529 2924 Ν
551 2879 602 2939 τῆς
619 2871 651 2926 δὲ
670 2869 814 2943 βασιλίδος
832 2871 881 2938 είρ.
896 2871 922 2924 V
940 2877 989 2938 τῆς
1008 2870 1039 2924 δὲ
1053 2869 1208 2940 βασιλίσσης

195 2939 1207 3014 είρ.Β.-4ἣν]ἣΕήΒήΟΜήΑ.-αύτῆΑΒΒ.-5τή

195 3035 246 3072 ουι.
255 3015 339 3071 OEM
348 3023 373 3070 et
382 3032 452 3069 rece.
462 3014 598 3084 plen‘que,
611 3021 674 3082 post
684 3013 839 3085 Πριγκήπφ
854 3015 904 3067 τοι.
912 3013 944 3066 V.
957 3043 988 3052 -
1000 3012 1152 3086 πρινκήπῳ
1159 3013 1206 3066 ΑΜ

195 3085 335 3157 πριγκίπω
354 3087 386 3140 D.
406 3119 439 3126 -
460 3085 535 3157 νήσῳ
555 3104 604 3140 om.
624 3085 655 3138 Ε.
677 3117 709 3124 -
736 3092 767 3139 11
788 3085 844 3138 ἀπὸ
864 3085 1012 3150 ἀσικριτῶν
1032 3083 1052 3136 O
1075 3085 1207 3139 ἀποαδσι-

196 3168 298 3227 κριτῶν
317 3144 340 3212 Ε
364 3160 553 3224 ἀποσικριτῶν
567 3158 595 3209 Μ
615 3157 671 3211 ἀπὸ
692 3165 822 3224 σεκριτῶν
838 3155 862 3208 R
881 3155 1128 3223 ἀποασηκρήτιςλί
1146 3175 1207 3221 προ-

198 3231 391 3298 ασηκριτῶυΒ
411 3226 557 3296 ἀσικρίτου
571 3230 602 3281 A.
619 3261 652 3268 -
672 3234 704 3280 12
720 3229 816 3294 αὐτοῦ,
832 3226 846 3280 ὁ
861 3229 908 3280 καί
922 3230 1000 3282 θεσσ.
1017 3226 1097 3281 ἐπΒ
1117 3228 1207 3289 αὐτοῦ,

198 3298 347 3360 ἐπίσκοπος
365 3305 443 3353 θεσσ.
464 3299 498 3351 Ν.
518 3330 551 3339 -
575 3306 607 3352 13
627 3300 764 3369 ἐγκληστῷ
783 3300 808 3350 Α
835 3295 977 3370 έγκλείστφ
996 3296 1102 3351 BELV
1126 3295 1207 3368 ἐγκλί-

198 3388 252 3440 στῳ
271 3370 307 3421 Μ.
328 3401 361 3408 -
388 3376 420 3422 16
439 3368 578 3437 δεηθέντα
596 3370 627 3421 Β.
646 3400 679 3408 -
706 3375 790 3422 1617
811 3370 933 3423 σύνοδον
956 3365 1019 3422 κατ’
1040 3369 1135 3422 αὐτῶν
1154 3369 1207 3422 ἐπι-

199 3438 311 3492 σκόπων
329 3441 354 3489 A
382 3439 503 3492 σύνοδον
528 3437 616 3492 ἐπισκ.
638 3437 701 3492 κατ’
724 3441 817 3492 αὐτῶν
836 3438 861 3490 Ν
890 3435 952 3492 κατ’
974 3439 1067 3492 αὐτῶν
1090 3439 1207 3494 σύνοδον

199 3512 261 3573 (om.
277 3506 445 3575 ἐπισκόπων)
460 3508 489 3561 L.
506 3539 538 3547 -
558 3515 589 3562 21
606 3504 627 3562 ὦ
642 3527 692 3562 ουτ.
708 3510 742 3562 Ν.
758 3541 791 3549 -
807 3507 956 3578 νενίκηκας
969 3508 1205 3578 ENRVTheoph.

200 3574 331 3643 ἐνίκησας
348 3576 456 3628 ABGL.
