2617 3909
180 237 244 304 548
492 240 679 293 memor
699 241 882 293 κοκοκον

178 412 231 450 τοο
258 388 293 451 τὰ
320 387 543 467 ἀποτελέσματα.
590 388 639 450 καλ
666 388 779 451 τούτων
802 385 856 467 μὲν
878 384 898 467 ἡ
921 388 1141 466 ψευδομαντεία
1163 410 1193 447 τε

177 487 227 549 καλ
250 485 347 566 ἀπάτη
370 487 556 568 πεφώραται,
583 486 695 560 ἐκεῖνος
718 485 750 549 δέ
772 496 808 572 τῇ
831 486 944 548 τούτων
966 484 1064 569 πλάνη
1088 486 1193 546 δεδοο

178 583 307 664 λοιμένος
334 583 459 664 τέθνηκε
486 594 570 670 ψυχῇ
598 584 647 646 καί
676 584 788 664 σάματι
813 584 887 646 ἐτῶν
909 582 1050 664 όπάρχοιν
1073 579 1114 664 λ’,
1143 582 1192 645 καὶ

177 682 309 758 ἐξέλιπον
337 682 369 744 ἐν
397 682 567 763 ματαιότητι
593 684 628 745 αί
652 680 760 764 ἡμέραι
781 681 874 743 αὐτοῦ
896 679 947 742 καλ
969 679 1004 741 τὰ
1026 680 1075 759 ἐτη
1098 679 1192 742 αὐτοῦ

151 780 249 860 εμετδι
272 782 420 861 σπονδῆς,
448 780 498 842 καί
520 780 650 844 ἀπώλετο
674 779 724 842 διδι
746 779 802 859 τὴν
824 778 952 858 ἀνομίαν
975 778 1075 840 αὐτοῦ.
1121 783 1192 840 πολ-

177 878 234 957 λὴν
262 878 317 961 γὰρ
340 877 459 940 ἀδικίαν
481 878 531 941 καί
554 879 682 959 ἀνομίαν
704 878 746 951 είς
769 877 801 939 τὸ
824 878 906 954 όψος
929 874 1021 950 ὄντας
1042 875 1192 955 ἐλάλησεν,

177 974 227 1036 καί
250 976 335 1037 ἔθετο
358 976 400 1050 εἰς
422 976 553 1059 οὐρανὸν
571 977 603 1040 τδ
623 976 715 1055 στόμα
733 976 836 1054 αὐτοῦ,
858 973 909 1035 καλ
927 971 946 1052 ἡ
965 979 1081 1055 γλῶσσα
1098 974 1191 1035 αὐτοῦ

178 1075 303 1153 διῆλθεν
335 1073 383 1136 ἐπί
414 1084 466 1155 τῆς
497 1084 567 1156 γῆς,
599 1071 639 1148 ὡς
670 1072 837 1156 γέγραπται.
886 1070 936 1133 καί
968 1073 1112 1133 πάνδεινα
1142 1070 1192 1132 καί

178 1172 362 1253 δοσεξηγητα
382 1174 495 1256 πράξας
512 1172 563 1233 καί
580 1172 662 1233 πάνυ
681 1171 902 1253 μεγαλανχήσας
919 1169 974 1249 τὴν
993 1169 1101 1232 ἑαυτοῦ
1119 1193 1192 1252 προ-

139 1294 164 1333 10
178 1268 263 1351 τέραν
286 1272 385 1332 πίστιν
407 1269 456 1332 καὶ
479 1271 561 1345 τάξιν
582 1269 622 1350 μὴ
641 1270 772 1352 τηρήσας
789 1268 922 1330 πίπτοντι
940 1277 1045 1346 πτῶμα
1063 1267 1193 1343 ἐξαίσιον

176 1367 226 1430 καί
255 1369 470 1451 δνσδιήγητον,
498 1368 593 1450 ὥσπερ
622 1367 672 1429 καλ
695 1366 711 1428 6
734 1377 840 1429 τοῦτον
867 1366 1020 1445 ἀπατήσας
1045 1365 1095 1427 καλ
1117 1365 1193 1428 ἀπο-

177 1464 261 1540 λέσας
284 1467 481 1548 παγκάκιστος
505 1468 651 1546 διάβολος.

482 1641 537 1725 [δ’.
570 1643 658 1727 Περὶ
677 1640 887 1724 Ἰοιβιανοῦ]

244 1767 332 1828 Μετὰ
351 1762 556 1832 δεἸονλιανδν
574 1764 921 1850 ἐβασίλευσενἸωβιανδς
936 1778 1032 1848 μῆνας
1051 1765 1093 1847 η’.
1122 1767 1193 1846 μετὰ

138 1889 163 1928 15
177 1863 232 1942 τὴν
252 1857 416 1927 Ἰοολιανοῦ
440 1868 560 1950 σφαγὴν
584 1867 668 1947 μόλις
690 1863 760 1928 ποτὲ
782 1876 879 1943 πρᾶον
896 1863 969 1945 ἡμῖν
988 1867 1137 1946 βασίλειον
1160 1864 1193 1926 τό

176 1955 328 2042 Ἰοιβιανοῦ
352 1961 514 2043 ἀνενεώθη.
560 1958 647 2038 οὗτος
669 1962 725 2045 γάρ
748 1963 780 2025 ἐν
803 1963 847 2025 ἓνλ
872 1962 922 2024 καλ
944 1969 984 2047 τῷ
1003 1962 1082 2047 αὐτῷ
1102 1970 1196 2047 καιρῷ

176 2060 313 2139 βασιλεὺς
339 2059 390 2122 καί
418 2060 600 2144 δμολογητὴς
621 2061 673 2123 καὶ
695 2071 747 2141 τῆς
770 2071 868 2136 κακῶς
889 2061 1095 2141 ἐπενεχθείσης
1117 2062 1193 2121 πλά-

175 2182 231 2238 νης
254 2156 377 2238 ὠθητὴς
399 2158 571 2238 ἀπεφάνθη.
608 2158 710 2238 ἐπειδὴ
733 2158 789 2240 γὰρ
811 2159 845 2220 ἐν
866 2165 928 2232 τοῖς
946 2159 1048 2232 ὅπλοις
1066 2157 1083 2221 6
1103 2175 1192 2239 στρα-

175 2255 225 2329 τός
248 2255 417 2338 ἐτύγχανεν,
440 2257 490 2318 καλ
513 2256 529 2319 6
553 2257 703 2339 βάρβαρος
725 2255 868 2335 ἐπέκειτο,
896 2257 929 2317 οί
948 2253 1082 2337 ἡμέτεροι
1105 2273 1193 2337 στρα-

248 2446 384 2500 ePsalm.
402 2451 434 2499 ττ
455 2449 523 2517 (τε),
539 2452 580 2500 ee.
605 2478 638 2486 -
663 2451 679 2498 5
703 2446 805 2500 Psalm.
826 2451 859 2498 το
878 2447 947 2516 (τε),
968 2451 1009 2499 19.
1029 2477 1062 2485 -
1086 2444 1191 2499 Psalm.

178 2521 210 2568 ιτ
225 2519 289 2587 (τε),
303 2522 327 2570 e.
348 2549 380 2557 -
402 2523 506 2586 14-1).
522 2523 583 2585 τοο,
598 2523 631 2571 ιο
650 2517 742 2571 Rufin.
757 2516 828 2571 Hist.
844 2517 911 2571 ecel.
926 2516 960 2584 ΙΙ,
976 2523 999 2569 1.

248 2682 264 2729 4
284 2674 423 2741 ἐξέλειπον
437 2676 522 2731 ACN.
543 2709 577 2717 -
596 2682 612 2730 6
631 2675 748 2732 ἀδικίαν
766 2678 814 2732 καλ
832 2673 955 2746 ἀνομίαν
969 2676 1045 2730 ΑΒΡ
1068 2674 1193 2745 ἀνομίαν

176 2747 225 2801 καλ
239 2745 355 2804 ἀδικίαν
368 2747 429 2804 rell.
441 2779 475 2789 -
491 2747 590 2839 ὄντας]
603 2747 685 2811 οὗτος
698 2749 723 2801 Α
736 2765 787 2803 οοι.
802 2749 886 2803 BFR.
902 2780 935 2788 —
951 2753 966 2802 9
981 2747 1155 2818 δοσδιήγητα
1169 2748 1193 2800 Ρ

177 2819 380 2889 δοσδιεξήγητα
398 2820 429 2873 B.
450 2850 483 2859 —
504 2825 537 2873 10
555 2820 636 2884 ταξιν
656 2821 705 2874 καὶ
723 2817 817 2874 πίστιν
835 2819 916 2873 ABV.
937 2852 972 2860 —
996 2825 1029 2873 11
1048 2820 1097 2873 καὶ
1120 2821 1193 2874 ἀπο-

177 2889 257 2953 λέσας
274 2891 464 2962 παγκάκιστος
486 2908 535 2946 om.
555 2891 607 2946 FP.
633 2923 666 2932 -
691 2897 725 2944 14
744 2891 926 2964 ίονβιανδςδ
951 2891 1078 3014 ἀχχάιανδς
1095 2890 1149 2943 ER
1166 2897 1193 2945 τί

176 2964 215 3016 eie
233 2963 364 3032 deinceps.
389 2994 424 3004 -
446 2962 514 3033 μετὰ
554 2962 589 3031 ἀρ
609 2961 659 3032 τὴν
677 2963 727 3017 BF
751 2963 819 3033 μετὰ
838 2963 868 3016 δὲ
887 2962 938 3032 τὴν
988 3005 994 3015 .
1018 2994 1052 3002 -
1077 2967 1111 3015 18
1130 2961 1193 3016 ‹520-

176 3034 298 3103 θρεντὴς
316 3035 338 3087 Β
362 3038 520 3104 ememtes
537 2984 566 3089 δ’.
587 3067 621 3074 -
640 3033 772 3103 ἀπεφάνη
791 3034 848 3087 AB.

250 3199 264 3246 1
284 3212 313 3247 τε
327 3211 377 3248 om.
393 3193 424 3246 Ρ.
440 3226 473 3234 —-
494 3200 509 3248 3
529 3195 577 3249 καί
596 3193 669 3249 οὕτω
687 3195 786 3249 λοιπὸν
801 3193 926 3259 ἐξέλιπον
940 3193 970 3246 P.
986 3226 1019 3233 -
1041 3199 1074 3247 10
1092 3202 1193 3262 πτῶμα

178 3260 299 3328 ἐξαίσιον
322 3265 371 3318 καὶ
394 3265 580 3335 δοσδιήγητον
603 3283 653 3320 om.
677 3265 706 3319 P.
732 3297 764 3305 -
794 3271 825 3318 12
849 3265 915 3319 Alie
938 3266 1093 3332 sequuntur
1115 3265 1146 3317 in
1169 3265 1192 3317 P

176 3335 261 3388 tertio
287 3333 424 3389 volumini
452 3336 601 3403 servande,
630 3335 676 3390 eui
702 3336 841 3390 inseretur
868 3337 954 3390 etiem
981 3336 1087 3390 codicis
1111 3335 1133 3387 P
1156 3336 1193 3390 de

177 3404 294 3459 Joviano
312 3405 512 3461 Valentiniano
535 3406 655 3461 Valente
674 3405 830 3462 Theodosio
853 3407 958 3477 Magno
980 3407 1105 3461 nmatio
1131 3409 1193 3461 tam

178 3476 289 3530 diversa
312 3476 486 3545 diversisque
509 3493 544 3532 ex
565 3476 693 3531 fontibus
716 3478 869 3531 maximam
891 3480 1002 3548 pestem
1024 3479 1135 3545 hausta,
1158 3482 1193 3532 ut

178 3545 250 3599 nihil
272 3546 332 3602 fere
354 3546 488 3601 utilitatis
517 3549 553 3601 ed
575 3548 684 3601 textum
706 3549 853 3618 vulgatum
874 3550 1091 3604 emendandum
1124 3550 1193 3604 inde

178 3617 322 3686 percipere
340 3617 487 3686 possimus.
