2617 3909
182 201 246 265 τοο
490 203 677 253 Γωεοοιου
696 203 879 253 immor

179 357 255 412 θεοῦ
281 349 439 431 ἄρχεσθαι,
467 349 517 410 καῖ
540 347 559 429 ἡ
583 359 636 428 τῆς
659 348 855 430 ἀνθρωπίνης
881 349 984 430 δόξης,
1013 347 1034 430 ἢ
1057 351 1202 431 αἰσχύνης

180 454 292 528 μᾶλλον
309 449 413 528 εἰπεῖν,
432 459 533 528 κτῆσις
551 447 602 508 καλ
619 449 824 530 προσποίησις.
860 448 1002 509 ἐντεῦθεν
1020 445 1040 527 ἡ
1055 448 1131 509 κατὰ
1149 459 1202 510 τοῦ

179 553 255 608 θεοῦ
283 545 333 607 καλ
360 556 419 607 τῶν
446 544 540 627 ἁγίων
567 547 655 628 ῦβρις
682 544 731 607 καί
758 556 812 625 τῆς
836 545 992 624 ἐκκλησίαις
1019 545 1037 608 δ
1062 547 1202 628 διωγμός,

181 645 323 706 ἐντεῦθεν
341 645 628 724 κατακυριευόμενον
645 641 666 723 ἢ
680 643 921 724 τυραννούμενον
939 642 971 704 τὸ
985 643 1125 722 ὑπήκοον
1142 650 1203 716 τοῖς

90 783 97 796 ·
153 743 297 804 οίκεῖθεν
320 742 446 824 δόγμασι
472 741 523 802 καλ
547 742 715 820 θελημασιν
744 741 925 802 ὑποπίπτειν
953 740 1131 821 ἐκβιάζεται,
1159 735 1202 802 ὧν

180 840 279 902 ἕνεκεν
301 841 334 902 τὸ
357 841 494 921 ἔμψυχον
516 841 702 920 κεχάλκευται
725 838 775 900 καὶ
797 839 979 918 ἕσχεδίοισται
1001 839 1106 916 ὅπλον,
1131 840 1200 919 σχή-

180 961 250 1018 ματι
273 937 327 1017 μὲν
350 948 403 1000 τοῦ
426 943 690 1017 σωματοφυλακεῖν
710 935 927 1018 ἠθροισμένον,
956 943 1020 1008 ταῖς
1042 935 1201 1014 ἀληθείαις

180 1035 212 1098 δὲ
235 1045 288 1097 τοῦ
311 1035 472 1116 ἐκπορθεῖν
499 1037 555 1115 τὴν
581 1036 739 1114 ἐκκλησίαν
763 1039 894 1116 Χριστοῦ
921 1033 971 1095 καί
999 1037 1110 1112 ληΐζειν
1138 1035 1201 1096 ε’πι-

179 1133 361 1213 νενοημένον
392 1134 539 1213 προφάσει
569 1142 622 1194 τοῦ
653 1133 950 1214 συμπεριγράφεσθαι
983 1133 1037 1210 τὴν
1068 1137 1201 1213 Χριστοῦ

54 1254 130 1294 ουτοι,
142 1254 167 1294 ιο
180 1233 309 1311 θεάτητα
340 1233 373 1294 ἐν
404 1241 440 1316 τῇ
472 1232 566 1292 εἰκόνι
597 1237 851 1311 παραληροῦντες,
884 1228 924 1304 ὡς
955 1231 1051 1302 εἴτις
1085 1230 1136 1291 καὶ
1168 1231 1198 1292 τὸ

181 1328 305 1409 ἡλιακὸν
337 1331 375 1409 δὴ
408 1339 494 1391 τοῦτο
527 1328 688 1402 δισκοειδὲς
725 1339 809 1408 σῶμα
843 1327 1045 1410 γεγραμμένον
1078 1329 1111 1390 ἕν
1144 1353 1199 1390 τινι

180 1429 270 1515 τόπφ,
290 1427 393 1502 καθδος
411 1428 444 1489 ίν
462 1445 538 1488 τισιν
557 1426 660 1507 δρᾶται
678 1427 845 1509 γινόμενον,
864 1426 1056 1507 ἀποδείξειεν,
1075 1427 1197 1508 ἐδογμά-

180 1543 265 1587 τισαν
287 1523 325 1587 διν
351 1524 401 1586 καὶ
424 1527 479 1606 τὴν
501 1535 554 1586 τοῦ
578 1526 677 1603 φωτὸς
700 1524 806 1586 οὐσίαν
834 1524 884 1586 καὶ
911 1525 1009 1606 αῦγην
1033 1526 1196 1643 συγγράφε-

180 1630 254 1685 σθαι
282 1623 332 1684 καὶ
360 1625 597 1705 περιγράφεσθαι
624 1621 644 1703 ἢ
673 1625 791 1696 πάντας
819 1623 851 1685 ἐκ
879 1633 931 1683 τοῦ
959 1619 1045 1701 ηλίου
1074 1622 1107 1683 τὸ
1137 1633 1197 1700 φῶς

141 1745 165 1784 1⁵
180 1721 256 1782 ἀποτ
256 1720 411 1799 έ·μνεσθαι
439 1720 460 1801 ἢ
482 1720 611 1782 πάλιν
595 1727 701 1782 ακτῖνοι
723 1718 810 1841 ηλίου
838 1721 945 1781 εἵπου
970 1719 1084 1807 δίνδρφ
1110 1739 1197 1801 προσ-

180 1820 348 1900 βάλλουσαν
374 1821 477 1899 ῖδοιεν,
500 1821 629 1899 τμηθείη
652 1817 734 1880 δὲ
708 1843 739 1880 το
762 1817 897 1898 δένδρον,
922 1819 1198 1897 συνεκκοπησεσθαι

181 1916 230 1978 καλ
253 1917 308 1996 τὴν
331 1916 436 1978 ἀκτῖνα
459 1918 661 1999 παραφρόνως
685 1917 840 1995 ἐνομίσθη.
884 1915 933 1977 καί
958 1916 1057 1994 μέντοι
1080 1917 1131 1979 καί
1155 1917 1199 1979 ε’πί

180 2016 275 2095 πυρὸς
298 2015 348 2076 καλ
370 2014 467 2076 ἀλλων
490 2025 580 2076 τινῶν
603 2015 874 2094 διανοηθήσονται,
901 2015 949 2075 ἴνα
973 2015 1099 2088 ἐνδίκως
1121 2015 1199 2096 παρὰ

180 2115 298 2174 παίδων
325 2114 491 2186 παιζόντων
522 2112 750 2193 παιχθήσωνται
781 2122 964 2193 φρονοῦντες
991 2111 1199 2194 ἀσυνετώτεροι.

142 2235 167 2274 το
181 2213 209 2272 εἰ
230 2211 286 2292 γὰρ
308 2211 358 2272 ἐπὶ
381 2221 440 2272 τῶν
463 2209 626 2292 εἰρημένων
651 2209 719 2272 oin
742 2213 878 2292 γίνεσθαι
907 2209 973 2271 οὔτε
996 2209 1129 2290 δρᾶσθαι
1153 2211 1199 2272 πέ-

182 2332 278 2387 φυκεν
301 2307 368 2370 οῦτε
392 2309 453 2389 μὴν
471 2308 609 2389 λέγεσθαι
632 2310 730 2390 χώραν
753 2308 820 2388 ἕξει,
843 2309 925 2394 πόσῳ
944 2313 1056 2387 μᾶλλον
1079 2309 1130 2370 ἐπὶ
1152 2320 1199 2388 τῆς

181 2407 352 2489 ἀπορρήτου
376 2407 427 2467 καὶ
444 2409 531 2480 θείας
550 2407 669 2484 φύσεως
691 2405 711 2486 ἢ
731 2406 778 2468 ίπλ
797 2417 849 2486 τῆς
867 2405 1022 2489 ἀφράστου
1046 2405 1098 2468 καὶ
1117 2405 1198 2487 ἀνερ
1285 2471 1286 2474 ,

182 2507 330 2584 μηνεῦτου
354 2510 485 2586 Χριστοῦ
509 2506 680 2585 οἰκονομίας
708 2516 797 2566 ταῦτα
825 2504 919 2586 λέγειν
942 2503 961 2584 ἢ
985 2504 1101 2566 ἐννοεῖν
1129 2504 1199 2566 ἀδί-

181 2627 255 2664 νατα
282 2602 331 2663 καὶ
359 2603 572 2685 ἀνεπιχείρητα.
619 2601 690 2663 οῦδὲ
719 2603 774 2684 γὰρ
805 2603 1005 2682 σαρκοῦμενος
1032 2600 1052 2681 ἢ
1080 2604 1200 2682 πάσχων

256 2789 368 2836 10-17
393 2783 498 2837 Iisdem
522 2783 757 2837 similitudinibus
781 2784 873 2836 utitur
895 2781 1014 2850 Niceph.
1035 2782 1199 2847 Antirrh.1‚

181 2873 222 2924 φ.
238 2861 280 2908 οι.
309 2855 405 2924 Migne
423 2854 500 2908 Tom.
517 2861 577 2922 τοο,
592 2861 643 2907 εοε
654 2854 685 2908 Β.

256 3013 319 3103 lii]
339 3015 355 3083 ἡ
376 3014 396 3069 C
415 3016 568 3068 οεεεΗΑ-
588 3013 899 3076 inioisACMR-
920 3012 1134 3068 δίσκεδίασται
1153 3014 1199 3068 CG

183 3083 344 3141 ίσκεδίαστο
358 3088 384 3139 Α
402 3089 462 3140 διεσ
480 3083 606 3140 εδίασται
625 3086 707 3139 Ι).-
728 3083 861 3157 οπλον]
847 3105 914 3153 οπερ
928 3085 1017 3138 N.-
1036 3090 1052 3137 9
1072 3086 1126 3154 τὴν
1145 3106 1199 3156 χρι

182 3165 330 3211 ατοῦ-14
347 3162 577 3246 περιγράφεσθαι
599 3176 649 3211 om.
671 3157 766 3210 M.-
793 3163 825 3209 10
844 3160 1094 3244 παραπληροῦντες
1113 3156 1197 3211 GDG.
1285 3221 1286 3230 ρ

183 3262 216 3268 -
238 3234 271 3281 14
290 3229 339 3283 καλ
357 3229 585 3298 περιγράφεσθαι
603 3246 654 3282 om.
671 3229 782 3282 An-
802 3227 866 3281 15⁵
855 3249 872 3294 η
892 3247 947 3282 που
966 3226 1044 3280 ΑΒΕ
1068 3223 1198 3294 ἢποῦθ

182 3320 257 3367 ηπου
276 3299 334 3352 GM
357 3300 412 3353 ῦπδ
432 3300 522 3352 R-
547 3300 671 3366 δένδρων
692 3299 715 3352 G
739 3299 858 3366 δένδρον
879 3299 1000 3352 NR.—
1024 3298 1199 3390 προσβάλοη-

184 3387 236 3421 σαν
260 3367 284 3420 Ι)
312 3371 527 3457 προσβαλοῦσαν
551 3369 757 3423 OQP-16
781 3369 871 3425 ίδοιεν
897 3369 957 3438 (eli.
982 3367 1051 3436 OG),
1080 3368 1198 3438 τμηθείη

106 3444 114 3460 ’
184 3437 290 3491 CRGV
313 3438 391 3503 ἥδοι
415 3437 566 3508 ἐντμηθείη
586 3441 671 3509 (ἐκτμ.
691 3459 724 3493 οι.
740 3445 768 3509 2)
788 3440 812 3492 D
832 3440 903 3505 ίδοι,
926 3438 1059 3509 ἐτμηθείη
1079 3441 1110 3493 Μ
1136 3440 1197 3496 ίδοι.

185 3505 321 3574 ἐκτμηθίη
340 3508 365 3559 Α
388 3505 441 3578 ᾔδη
460 3513 604 3598 τμηθῆναι
627 3511 1199 3580 (-εῖναιω11ἱ)Ιλ.-σονεγκυπήσεσθαι

187 3576 244 3628 0.ss
264 3607 298 3614 —
320 3582 352 3629 19
371 3577 580 3647 παιγθήσονται
598 3580 709 3636 AOGM
731 3581 968 3654 τεγθήσονταιΙλ
