2617 3909
170 241 235 305 506
480 235 666 294 ΓΕΩΡΓΙΟΤ
683 237 866 292 mmor

169 389 280 470 νόμενα
311 388 361 450 καί
392 390 481 469 δίκην
511 387 646 470 ἐγχέλυος
678 379 870 469 ἀκατάσχετος
898 387 1106 468 εὑρισκόμενος
1133 380 1192 448 κάλ.

171 486 275 567 μ’ίδὸνῖ
306 488 382 572 λόγῳ
414 487 619 567 κρατούμενος.
666 484 699 548 ἐν
725 481 771 560 οίς
801 486 856 568 γάρ
884 485 978 548 ἐδόκει
1004 484 1188 565 συνέχεσθαι

71 602 110 640 40⁷
124 600 155 639 M·
170 587 383 647 διολισθαίνων
410 577 651 666 ἐπικρατεστέρως
678 581 851 666 ἀπεφέρετο
878 593 913 670 τῇ
934 594 1000 644 ’τῶν
1018 584 1195 662 ’νοημάτων
1298 614 1299 623 ¹

171 684 315 762 δεινότητι
346 681 396 744 καί
425 683 564 763 ῥημάτων
591 682 749 766 εὐχλωττίηι
775 705 805 744 τε
832 681 883 744 καῖ
909 683 1066 765 στωμυλίφ.
1117 675 1200 742 ἀλλ”

144 781 220 843 τίνα
244 781 324 865 δείξη
348 779 458 853 δέθεὸς
481 780 525 841 ὅτι
548 779 604 841 οὐκ
626 780 659 842 έν
681 779 757 865 λάχφ
776 777 796 859 ἡ
815 781 947 861 βασιλεία
967 787 1027 841 τῶν
1045 778 1193 860 οὐρανῶν
1299 788 1300 795 ’

170 878 258 956 ἐστιν,
280 871 343 938 ἀλλ’
365 877 397 939 έν
416 879 550 958 δυνάμει,
568 875 731 958 ἅνθρωπός
748 901 792 950 τις
809 877 843 939 ἐκ
859 887 919 938 τῶν
937 876 1030 958 ἀμίαν
1047 877 1195 957 Κύπριος·

171 974 224 1055 μέν
247 983 286 1060 τῷ
305 975 386 1057 γένει’
402 975 455 1037 καλ
477 985 529 1055 της
552 975 664 1048 πόλεως
686 974 845 1048 ἐπίσκοπος
869 972 991 1054 ὀνόματι
1009 975 1194 1056 Σιτυρίδων,

171 1072 370 1147 ἁπλούστατος
393 1071 429 1134 ’δέ
460 1074 515 1154 τὴν
544 1075 638 1153 φύσιν
665 1071 716 1133 καῖ
742 1073 862 1152 ἰδιώτης
889 1079 928 1156 τῷ
951 1073 1028 1156 λόγῳ
1056 1072 1194 1152 σφόδρα,

170 1172 291 1232 αἰτεῖται
318 1173 416 1253 χώραν
443 1172 522 1256 αὐτῷ
538 1165 699 1244 Ιδιαλέξεως
723 1169 904 1250 ἐπιδοθῆναι
926 1171 1001 1252 πρὸς
1023 1165 1075 1232 τὸν
1099 1170 1187 1248 φιλό-
1302 1246 1303 1251 ¹

131 1293 157 1332 ιο
171 1283 284 1347 σοφον.“
322 1270 354 1332 οἱ
372 1269 406 1332 ’δέ
429 1269 550 1352 πατέρες
571 1269 603 1332 τὸ
627 1266 743 1329 ἁπλοῦν
764 1290 794 1329 τε
816 1267 867 1329 καλ
889 1267 1039 1329 ἰδιωτικὸν
1059 1277 1113 1328 τοῦ
1131 1264 1186 1328 ἀν-

171 1365 242 1448 δρὸς
268 1366 376 1439 είδότες
403 1366 533 1428 ἐκώλυον
561 1364 667 1445 αὐτόν,
695 1367 806 1445 μήποτε
833 1365 913 1448 παρὰ
935 1371 996 1439 τοῖς
1019 1370 1196 1446 μοχθηροῖς
1303 1390 1304 1417 1

170 1455 436 1546 καταμελασθῶσιν.
477 1473 529 1525 τοῦ
552 1461 585 1525 δὲ
609 1463 649 1542 μη
673 1462 862 1544 ἀνεχομένου,
886 1464 1020 1545 πρόσεισι
1042 1471 1081 1547 τῷ
1096 1462 1195 1542 ἀνδρὶ.

171 1563 224 1622 καί
249 1577 355 1640 φησιν·
387 1561 420 1622 έν
447 1559 569 1640 ὀνόματι
593 1555 692 1640 Ἰησοῦ
719 1566 850 1644 Χριστοῦ
877 1560 1022 1641 ἀκουσον,
1051 1555 1074 1622 ὦ
1098 1560 1185 1639 φιλό-

172 1676 261 1736 σοφε,
293 1657 328 1718 τά
353 1667 411 1738 ’τῆς
438 1657 582 1737 ἀληθείας
610 1659 749 1740 δόγματα.
795 1657 867 1721 ὅδὲ
894 1660 969 1740 πρὸς
995 1659 1087 1721 αὐτὸν
1109 1659 1194 1736 ἔφη’

133 1781 158 1820 15
172 1755 225 1816 ἐὰν
251 1756 353 1828 είποις.
398 1754 533 1830 κάκεῖνος
559 1751 652 1818 είπεν·
685 1758 809 1839 γίνωσκε
836 1757 881 1818 ὅτι
904 1755 920 1819 ὅ
943 1756 1025 1830 θεὸς·
1042 1751 1084 1830 είς
1107 1757 1197 1818 ἐστιν

172 1850 189 1914 δ
211 1852 263 1915 τὸν
290 1853 420 1935 οὐρανὸν
446 1853 496 1915 καί
523 1853 578 1933 τὴν
600 1865 659 1936 γῆν
681 1856 918 1938 δημιουργήσας,
945 1854 961 1917 δ
984 1854 1033 1915 καλ
1057 1855 1108 1915 τδν
1128 1853 1186 1948 ,ἀν-

171 1956 298 2032 θρωπον
320 1950 352 2013 ἐκ
374 1961 430 2033 γῆς
452 1953 614 2026 διαπλάσας
638 1952 689 2014 καί
711 1953 747 2014 τὰ
769 1951 859 2034 δρατὰ
880 1954 977 2014 πάντα
999 1951 1050 2013 καί
1072 1951 1185 2033 ἀόρατα

172 2051 210 2133 τῷ
231 2050 307 2136 λόγῳ
330 2048 423 2111 αὐτοῦ
445 2048 495 2110 καί
513 2056 552 2135 τῷ
571 2051 717 2130 πνεύματι
736 2052 963 2131 συστησάμενος.
1004 2060 1111 2112 τοῦτον
1128 2044 1197 2112 οὖν

172 2147 224 2208 τὸν
245 2147 334 2229 λόγον
357 2144 441 2226 ἡμεῖς
463 2148 533 2209 υἱὸν
552 2153 628 2210 θεοῦ
651 2150 761 2223 εἰδότες
782 2158 1010 2229 προσκυνοῦμεν
1031 2151 1186 2210 πιστεῦον-

133 2267 219 2319 νοτες
243 2245 292 2306 διὰ
315 2245 369 2324 τὴν
392 2243 535 2327 ἡμετέραν
558 2248 706 2329 σωτηρίαν
729 2244 775 2308 ἐπ’
796 2246 923 2327 ἐσχάτων
942 2247 974 2308 ἐκ
996 2257 1048 2326 Ιτῆς
1071 2246 1185 2328 παρθέ-

172 2366 228 2403 νον
251 2349 394 2423 τεχθῆναι
415 2343 465 2404 καὶ
489 2343 538 2405 διὰ
556 2354 685 2426 σταυροῦ
708 2344 759 2406 καί
776 2346 913 2406 θανάτου
930 2343 981 2406 καί
998 2343 1196 2417 ἀναστάσεως·

173 2440 264 2503 αὐτὸν
287 2440 514 2521 ἐλευθερωκέναι
532 2443 565 2505 τὸ
588 2441 750 2524 μένοςτῶν
768 2441 950 2524 ἀνθρώπων,
973 2439 1009 2503 δν
1032 2441 1082 2502 καί
1105 2442 1187 2503 έλπί-

173 2540 259 2616 ζομεν
277 2536 404 2598 ἐλθόντα
422 2538 511 2599 πάλιν
529 2545 627 2620 κρῖναι
645 2541 758 2614 πάντας
777 2539 810 2601 ἐν
823 2541 1009 2624 δικαιοσύνη.
1041 2541 1197 2613 πιστεύεις·

172 2635 301 2713 τούτοις,
325 2635 484 2713 φιλόσοφε;
509 2633 525 2696 δ
549 2635 590 2698 δὲ’
604 2637 643 2711 ὡς
666 2635 705 2698 ἀν
726 2661 771 2712 τις
793 2636 937 2717 μηδέποτε
959 2643 1069 2719 πεῖραν
1089 2638 1196 2718 λόχων·

244 2785 260 2832 3
284 2778 510 2849 έπικρατέστερος
532 2779 593 2838 ER.
618 2814 651 2821 —
678 2781 791 2851 ἐφέρετο
815 2781 838 2834 Β
861 2778 1030 2852 ἀνεφαίνετο
1054 2781 1081 2835 E'
1105 2753 1185 2836 ἀντε-

173 2849 291 2920 φαίνετο
309 2852 342 2906 R.
367 2883 400 2892 —
425 2856 441 2904 6
460 2853 535 2907 ἐστιν
553 2869 602 2906 om.
618 2852 717 2907 RExc.
738 2854 773 2908 de
792 2854 854 2908 virt.
878 2886 914 2894 —
937 2849 999 2907 ἀλλ’
1018 2853 1049 2908 ἐν
1067 2853 1187 2922 δυνάμει

173 2922 188 2976 δ
207 2923 287 2994 ἀμιος
305 2920 458 2992 Σπυρίδων
477 2923 590 2994 ίδιάτης
612 2921 650 2978 ὢν
674 2930 712 2999 τῷ
727 2923 798 2998 λόγῳ
817 2926 963 2994 (κοίλοιο.)
981 2923 1047 2978 Exc.
1068 2924 1103 2977 de
1121 2925 1185 2978 virt.

164 2999 202 3034 ³-
236 3000 251 3048 λ
274 3003 324 3065 τῆς
346 2995 432 3064 αὐτῆς
456 2992 562 3057 πόλεως
583 2995 605 3048 Ia
632 3003 682 3064 τῆς
708 2995 813 3057 πόλεως
839 2995 1053 3067 τριμηθοάντων
1087 3015 1187 3064 τριμα-

172 3069 295 3129 θοῦντος
317 3067 342 3119 R
364 3064 562 3135 τριμιδουσίας
584 3067 615 3135 F)
639 3067 721 3123 FRV.
750 3099 784 3108 -
811 3073 843 3121 1·1
868 3067 1020 3122 διεκώλυον
1042 3066 1069 3119 Β
1121 3111 1126 3120 .
1152 3098 1186 3106 -—

174 3143 207 3191 15
222 3136 312 3200 είποις
324 3136 456 3190 BDELP
464 3136 529 3192 Exo.
541 3137 632 3191 Gelas.
653 3138 733 3208 είπης
746 3138 824 3192 ΛΡΜ
828 3138 879 3192 RV
897 3138 986 3200 είπεις
999 3136 1031 3192 Os
1043 3170 1076 3179 -
1091 3137 1192 3191 &noda

167 3213 232 3277 post
255 3207 344 3268 είποις
366 3209 430 3264 αδδ.
450 3209 529 3264 codd.
546 3216 656 3279 praeter
674 3195 749 3264 AB?
772 3227 822 3264 om.
841 3211 924 3265 ‘etiam
946 3208 1011 3262 Exe.
1032 3207 1124 3262 Gelam
1151 3239 1185 3248 -

173 3284 206 3332 16
226 3277 241 3332 δ
260 3279 376 3333 καὶτὸν
394 3279 453 3348 οάρ.
473 3280 530 3333 AV.
555 3311 590 3320 -
614 3285 646 3333 17
666 3282 715 3335 καλ
738 3281 773 3335 τά
795 3279 903 3349 ἀόρατα
922 3279 1053 3334 ΑΒΒῙΝ
1062 3279 1128 3333 Em.
1152 3311 1185 3318 —

173 3356 206 3404 23
225 3347 345 3419 πάντας]
364 3352 467 3413 ζῶντας
484 3350 511 3403 L·
530 3355 634 3414 ζῶντας
651 3352 700 3406 καί
718 3353 836 3420 νεκροὺς
853 3352 885 3406 A.
906 3385 939 3392 —
963 3352 1105 3412 πιστεάοις
1123 3349 1185 3404 DE.

173 3452 206 3460 —
226 3426 261 3474 24
278 3427 360 3473 τοῦτο
378 3419 473 3473 BMR.
493 3453 527 3460 -
545 3431 647 3490 πεῖραν
665 3420 754 3493 λόχων
773 3422 911 3492 μηδέποτε
928 3423 986 3478 RV.

245 3548 259 3595 ‘1
279 3543 328 3596 καὶ
345 3548 395 3611 της
412 3540 517 3604 πόλεως
536 3542 685 3607 ἐπίσκοπος
703 3563 754 3602 om.
767 3547 797 3601 P.
817 3579 852 3586 —
869 3547 993 3617 τοῦνομα
1012 3547 1042 3602 Ρ,
1063 3578 1095 3586 -
1117 3552 1150 3598 15
1170 3545 1191 3599 δ

173 3631 224 3670 om.
239 3614 268 3668 P.
289 3645 322 3653 -—
343 3619 377 3667 24
396 3615 577 3684 μηδεπώποτε
595 3615 692 3670 PExc.
708 3617 799 3672 Gelas.
