2617 3909
204 264 269 329 386
515 263 701 315 ΓΕιιΡΓιοτ
718 262 900 315 nomon

205 411 373 476 στασιασταὶ
395 408 466 473 καθ’
488 409 600 493 ἡμέραν
621 412 816 489 εἰσπηδῶντες
835 411 1004 490 διήρπαζον.
1041 408 1090 470 καλ
1108 410 1212 483 λοιπὸν

204 521 318 592 τροφῆς
340 510 492 593 ἀποροῦσα
510 508 559 570 καί
577 510 698 571 παιδίον
716 507 880 587 ὑπομάζιον
897 508 1003 589 ἔχουσα
1020 517 1106 569 τοῦτο
1124 531 1211 567 κατα-

205 610 285 689 θάει,
308 608 357 669 καὶ
380 606 532 685 ὀπτήσασα
554 607 586 669 τδ
610 605 664 687 μὲν
686 607 778 686 ἥμισυ
800 606 905 681 ἐσθίει,
929 607 962 669 τδ
985 604 1017 667 δέ
1039 604 1138 687 ἕτερον
1160 628 1212 665 κα-

204 708 325 785 λόψασα
352 706 483 787 διετήρει.
529 706 561 766 οί
587 703 618 766 δέ
646 702 814 765 στασιασταὶ
835 702 939 777 καθὼς
960 705 1104 765 εἰώθασιν
1125 704 1212 765 εἰσελ-

178 805 311 877 σθόντες
329 802 378 865 καί
396 813 448 883 της
463 804 566 882 κνίσης
581 802 755 881 αἰσθόμενοι
769 800 910 881 ἠπείλουν
924 800 1095 882 ἀναιρήσειν
1109 802 1212 883 αὑτήν,

204 904 233 965 εἰ
259 902 299 981 μη
328 902 398 983 ὅπερ
426 902 556 983 έκρυψεν
583 900 721 984 ἐπιδείξη.
766 897 786 978 ἡ
810 898 842 961 δὲ
863 899 900 960 τά
922 902 1049 977 λείψανα
1070 909 1122 961 τοῦ
1144 921 1212 960 παι-

205 1002 310 1081 δαρίου
332 1008 553 1081 προαγαγοῦσα·
584 1007 669 1059 τοῦτο
693 998 745 1077 δή,
769 998 878 1077 φησίν,
901 996 933 1058 τὸ
955 997 1027 1077 ἐμόν
1046 1019 1119 1059 ποτε
1140 998 1212 1078 γνη-

205 1118 270 1161 σιον
292 1097 396 1161 τέκνον
418 1097 468 1159 καλ
489 1106 547 1158 νῦν
569 1097 739 1157 πανάθλιον
762 1095 868 1177 φάγετε
893 1094 942 1155 καλ
964 1094 1063 1175 ὑμεῖς,
1090 1094 1140 1157 καὶ
1158 1095 1212 1177 γάρ

204 1196 284 1279 κάγὼ
314 1196 456 1277 βέβρωκα.
503 1196 530 1257 εί
555 1192 587 1255 δέ
617 1193 852 1275 ἀποστρέφεσθε,
882 1192 932 1254 καὶ
958 1195 990 1257 τὸ
1017 1196 1122 1259 λοιπὸν
1149 1193 1213 1273 ἐμοὶ

68 1318 107 1357 εεε
121 1316 152 1355 n.
167 1314 192 1355 ιο
206 1296 405 1373 καταλείψατε.
461 1294 492 1359 οί
522 1290 553 1353 δὲ
584 1292 636 1367 τὰς
668 1291 753 1371 όψεις
785 1290 897 1353 ἑαυτῶν
929 1293 1037 1365 ίκανῶς
1068 1294 1213 1370 τύψαντες

141 1410 144 1416 “
204 1393 375 1473 ὑπεξῆλθον
392 1402 445 1454 τοῶ
465 1392 597 1471 δώματος
615 1388 887 1470 καταπεπληγμένοι
904 1390 954 1451 καλ
971 1389 1130 1472 τρέμοντες.
1164 1390 1214 1452 καὶ

205 1493 282 1553 οὑτω
309 1490 341 1551 τὸ
369 1494 464 1563 καλῶς
491 1488 523 1549 ἐκ
550 1490 663 1561 κοιλίας
689 1488 811 1561 ἐξελθὸν
837 1487 948 1568 βρέφος
964 1490 1016 1561 -είς
1038 1488 1093 1567 τὴν
1120 1489 1214 1568 αὐτὴν

205 1590 294 1650 πάλιν
317 1597 414 1661 κακῶς
436 1585 617 1666 ὑπέστρεψεν
641 1584 752 1645 ἀθλίαν
769 1584 901 1665 γαστέρα.
947 1586 1017 1667 ὅπερ
1036 1584 1214 1661 ἀκούσαντες

206 1688 238 1748 οἱ
266 1685 298 1747 ἐν
330 1694 364 1769 τῇ
397 1684 478 1745 πόλει
509 1684 616 1755 πάντες
647 1681 814 1743 ἀποθανεῖν
840 1683 873 1744 ἐν
899 1684 976 1762 τάχει
1003 1685 1214 1764 προσηύχοντο.

165 1804 192 1845 ιε
206 1792 316 1864 μενοῶν
347 1805 379 1864 γε
410 1780 470 1842 κάλ’
491 1778 563 1842 ἀλλα
591 1789 712 1841 τοιαῦτα
738 1779 788 1840 καλ
814 1782 931 1862 χείρονα
955 1780 1005 1841 καὶ
1033 1781 1216 1863 δυσδιήγητα

204 1881 359 1964 γεγόνασιν
382 1879 415 1941 έν
436 1889 471 1965 τῇ
500 1880 582 1941 πόλει
604 1878 675 1940 τότε.
720 1877 753 1939 ἐν
775 1876 807 1939 δέ
829 1888 865 1962 τῇ
888 1887 1007 1963 περιοχῇ
1031 1878 1080 1940 καλ
1102 1887 1141 1964 τῷ
1159 1902 1215 1942 πο-

205 1979 281 2065 λέμῳ
309 1980 419 2061 γίνεται
445 1984 507 2051 τοῖς
526 1972 682 2049 Ἰουδαίοις
709 1975 851 2055 ἐξαίφνης
880 1976 991 2037 θὺελλα
1018 1979 1215 2058 σφοδροτάτη,

205 2078 269 2158 ἥτις
301 2077 336 2138 τά
368 2075 422 2156 μέν
453 2076 495 2149 είς
526 2074 635 2148 αὐτοὺς
667 2073 747 2154 παρὰ
770 2083 836 2133 τῶν
862 2067 1011 2153 Ῥωμαίων
1042 2077 1216 2155 πεμπόμενα

206 2175 349 2255 εὐστόχως
380 2174 497 2254 έφερεν,
529 2172 564 2233 τά
597 2170 627 2233 δέ
660 2166 730 2253 παρ’
756 2172 854 2233 αὐτῶν
881 2172 923 2246 είς
949 2172 1080 2245 ἐκείνους
1107 2174 1217 2254 πλάγια

167 2292 193 2333 ιο
207 2282 383 2353 παραχρῆμα
419 2270 589 2352 παρέσυρεν.
644 2268 695 2330 καὶ
726 2272 758 2332 οί
783 2263 919 2349 Ῥωμαῖοι
954 2271 1133 2349 θεασάμενοι
1164 2271 1217 2345 τάς
1299 2269 1300 2330 f

208 2369 292 2448 όψεις
310 2379 369 2430 τῶν
384 2363 538 2431 Ἰουδαίων
555 2368 587 2430 ἐκ
605 2378 658 2449 τῆς
673 2367 801 2447 θυέλλης
817 2367 1046 2450 ἀμαυρωθείσας
1064 2370 1217 2451 λαθραίοις
1299 2379 1300 2392 ’

207 2467 307 2540 αὐτοῖς
330 2466 576 2551 ἐπαναβαίνοντες
598 2464 725 2539 εὐτόνως
745 2466 854 2540 αὐτοὺς
871 2465 1050 2528 κατέκτενον.
1095 2466 1218 2529 κάντεῦ-

207 2571 264 2625 θεν
291 2563 394 2625 λοιπδν
423 2562 552 2649 ᾔσθοντο
580 2566 696 2643 πολλοί,
724 2564 768 2625 ὅτι
790 2565 935 2643 θεήλατός
957 2564 1035 2626 ἐστιν
1062 2562 1082 2643 ὑ
1106 2566 1218 2646 πληγή,

206 2661 257 2724 καὶ
279 2661 351 2723 κατά
374 2662 540 2741 θεομηνίοιν
563 2659 653 2721 ταῦτα
676 2661 846 2742 πάσχουσιν.
891 2660 941 2723 καὶ
963 2663 1058 2737 οὑτως
1078 2662 1111 2723 ἐν
1129 2662 1218 2725 δυσὶν

167 2782 193 2823 ιτ
207 2760 281 2821 έτεσι
307 2758 486 2840 παραλαβὼν
512 2759 567 2838 την
586 2752 778 2842 Ἰερουσαλὴμ
799 2756 816 2820 δ
842 2764 926 2833 Τῖτος
954 2769 1054 2821 πᾶσαν
1079 2759 1218 2823 κατέλυσε

207 2856 257 2918 καὶ
280 2856 419 2939 ἐνέπρησε
442 2856 512 2935 μετά
535 2867 588 2919 τοῶ
611 2857 643 2918 ἐν
667 2857 741 2941 αὐτῇ
765 2865 841 2917 ναοῦ
864 2855 937 2916 κατά
959 2856 1015 2936 τὴν
1036 2865 1090 2919 τοῦ
1110 2858 1218 2939 κυρίου

207 2954 428 3037 προαγόρευσιν.

280 3149 295 3197 5
315 3140 404 3205 κνίσις
420 3142 440 3197 O
459 3141 597 3209 κνήσιςΑ
620 3142 733 3213 κνίσσης
750 3143 864 3197 BERV.
885 3176 919 3183 —
941 3150 956 3198 6
976 3141 1107 3208 ἐπιδείξει
1125 3144 1173 3197 ΑΒ
1193 3151 1220 3199 et

208 3232 278 3269 rece.
292 3215 420 3269 nonnulli
439 3212 572 3279 ἐπιδείξω
591 3214 722 3269 ODELV
741 3214 849 3285 (δείξειε
867 3214 950 3284 Eun).
970 3248 1003 3256 -
1022 3214 1140 3270 παιδίου
1156 3216 1217 3269 PM.

209 3319 242 3327 —
266 3292 297 3340 11
317 3286 438 3355 δόματος
455 3285 531 3339 EFR
549 3293 574 3340 et
591 3286 612 3338 L
632 3288 671 3341 lit.
690 3292 723 3341 κέ
743 3288 798 3341 vid.
818 3304 851 3341 επ
869 3285 1014 3355 δόγματος.
1038 3318 1072 3326 -
1098 3292 1130 3340 18
1149 3306 1219 3357 πεμ-

208 3355 316 3425 πόμενα
335 3357 398 3428 βέλη
413 3357 442 3410 L.
458 3389 491 3398 —
512 3363 544 3410 19
564 3356 651 3426 ἥφερε
667 3357 773 3412 ΑΟΙιΒ.
788 3390 823 3397 -—
842 3363 876 3410 22
895 3355 1123 3429 ἐπαναβαίνοντα
1138 3358 1220 3413 CER

209 3427 492 3500 ἐπαναβαίνονταςΑ
515 3428 728 3499 ἐπεμβαίνοντες
745 3429 780 3484 N.
806 3462 837 3469 —
861 3427 1044 3483 κατίκταινον
1062 3428 1112 3482 AV
1137 3430 1219 3485 κατέ-

208 3518 324 3554 κτεννον
342 3500 371 3553 Μ
394 3498 569 3554 κατέκτεινον
587 3500 618 3553 Β,
641 3533 674 3540 -
698 3506 732 3554 24
755 3499 1011 3571 καλ-πάσχουσιν
1033 3518 1083 3556 σοι.
1103 3501 1158 3556 OF.
1183 3534 1219 3543 —

209 3577 243 3624 25
258 3570 273 3623 ὁ
287 3579 361 3633 τῖτος
373 3571 424 3640 την
439 3570 583 3639 λεοουσαλὴ
616 3571 647 3625 B.
663 3604 696 3611 -
710 3570 785 3635 τίτος
798 3570 907 3625 Ach
921 3580 945 3627 et
958 3589 1027 3627 rece.
1044 3574 1166 3641 quidam.
1183 3605 1218 3614 -

210 3648 243 3695 26
262 3641 334 3695 κατὰ
352 3642 402 3712 τὴν
421 3651 470 3697 τοῦ
491 3662 515 3696 κ.
536 3592 682 3712 ἀπόφασιν
696 3644 721 3696 Ι)
740 3643 811 3698 κατά
829 3643 880 3712 τὴν
898 3642 1044 3713 ἀπόφασιν
1062 3643 1161 3713 κυρίου
1179 3646 1218 3699 Μ.
