2617 3909
180 228 247 295 630
492 232 679 285 ΓΕΩΡΙἸΟΤ
696 232 879 285 ΜΟΝΑΧΟΤ

179 380 220 443 ἔτι
243 378 276 443 δὲ
300 380 447 443 καὶκατὰ
472 381 629 462 Θεοδώρου
652 388 706 441 τοῦ
728 381 984 460 Μομψονεστίας,
1012 380 1202 442 διδασκάλου

178 478 333 561 γεγονότος
354 479 520 561 Νεστορίου
546 486 599 540 τοῦ
628 477 873 559 ίουδαιόφρονος,
900 476 1094 557 ἀνεθεμάτισε
1121 478 1200 557 μετὰ

178 586 231 657 τῆς
253 576 411 659 λεγομίνης
425 574 490 657 Ἲβα
512 576 666 655 ἐπιστολῆς
687 577 740 637 καί
755 600 845 638 τινων
862 576 1097 657 συγγραμμάτων
1117 578 1199 638 Θεο-

178 675 314 755 δωρήτου
336 684 389 736 τοῦ
407 674 569 737 ἐπισκόπου
587 673 692 754 Κύρου
714 672 945 757 συγγραφόντων
966 673 1041 734 κατὰ
1062 683 1124 735 τῶν
1146 671 1200 754 ιβ’
1305 673 1306 740 f

152 772 347 851 οκεφαλαίωυ
368 780 422 832 τοῦ
445 773 590 852 μακαρίου
613 773 771 851 Κυρίλλου.

247 868 286 931 Τδ
314 868 347 931 δὲ
372 869 492 952 γράμμα
518 878 572 931 τοῦ
599 867 742 949 βασιλέως
767 871 842 953 πρδς
868 869 924 949 τῆν
945 867 1034 951 ἁγίαν
1060 870 1198 932 σύνοδον

176 972 319 1049 περιεῖχεν
346 967 452 1041 ούτως·
480 964 548 1049 περὶ
575 964 628 1046 μὲν
650 960 822 1049 Ὦριγίνους
847 966 899 1029 καλ
924 978 984 1029 τῶν
1011 965 1198 1049 δμοφρόνων

177 1064 269 1126 αύτοῦ
292 1064 409 1144 σπουδὴ
431 1062 551 1147 γέγονεν
572 1062 646 1144 ἡμῖν
672 1063 723 1126 καί
749 1064 828 1127 ἔστιν
850 1064 996 1149 ἀτάραχον
1023 1065 1078 1145 τῆν
1100 1063 1196 1147 ἁγίαν

176 1170 230 1224 τοῦ
252 1168 328 1225 θεοῦ
351 1162 519 1242 καθολικὴν
546 1161 597 1224 καλ
623 1160 820 1241 ἁποστολικῆν
846 1163 1003 1243 ἐκκλησίαν
1029 1164 1195 1241 διαφυλάτ-
1305 1221 1306 1224 ,

137 1280 163 1323 ιο
176 1267 280 1323 τεσθαι
310 1258 360 1321 καί
386 1258 422 1321 τὰ
449 1260 588 1324 ὁπωσοῦν
619 1259 815 1339 ἀναφυόμενα
846 1270 882 1346 τῆ
910 1258 1064 1345 όρθοδόξρι
1095 1263 1197 1323 πίστει

176 1357 294 1421 ἐναντία
320 1360 559 1441 κατακρίνεσθαι.
605 1357 668 1421 ίπελ
694 1359 798 1420 τοίνυν
825 1356 999 1440 διέγνωσται
1026 1356 1116 1440 ἡμῖν,
1149 1359 1195 1433 ὥς

175 1480 251 1529 τινες
283 1456 315 1519 ἐν
344 1450 557 1537 Ἱεροσολύμοις
588 1455 644 1519 είσλ
675 1454 799 1536 μοναχολ
831 1454 987 1535 δῆπουθεν
1020 1456 1193 1541 Πυθαγόρᾳ
1305 1513 1306 1542 ᾗ

174 1552 224 1614 καί
247 1554 386 1615 ΙΒάτωνι
409 1553 459 1615 καλ
478 1550 620 1637 Ὦριγίνει
647 1560 687 1637 τῷ
710 1552 760 1614 καὶ
779 1547 963 1639 Ἀδαμαντίμ
989 1554 1040 1616 καλ
1061 1563 1097 1639 τῆ
1120 1556 1193 1617 τού-
1305 1565 1306 1644 ]

174 1673 234 1712 των
252 1650 407 1735 δυσσεβείρι
429 1650 480 1713 καὶ
497 1652 595 1735 πλάνη
613 1657 904 1726 κατακολουθοῦντες
921 1650 972 1712 καλ
990 1652 1191 1732 διδάσκοντες,

136 1767 160 1810 ιο
175 1748 237 1808 δεῖν
259 1741 403 1830 ᾠήθημεν
426 1750 571 1829 φροντίδα
598 1747 648 1809 καλ
675 1749 796 1828 ζήτησιν
818 1750 1004 1829 ποιήσασθαι
1029 1748 1096 1832 περὶ
1120 1751 1191 1811 τού-
1305 1775 1306 1778 ’

174 1866 247 1926 τοον,
280 1844 330 1905 ἵνα
361 1844 402 1924 μῆ
432 1844 529 1907 τέλεον
561 1845 611 1907 διδι
638 1855 691 1927 τῆς
713 1842 890 1927 Ἑλληνικῆς
917 1845 967 1908 καί
994 1852 1192 1928 Μανιχαϊκῆς

174 1941 289 2023 ἀπάτης
317 1942 416 2005 αύτῶν
444 1944 571 2017 πολλοὺς
598 1942 788 2007 ἀπολέσωσιν.
834 1943 951 2026 λέγουσι
977 1946 1048 2026 γάρ,
1078 1946 1129 2005 λ’να
1156 1945 1192 2007 ἐκ

173 2046 290 2104 πολλῶν
313 2040 397 2124 όλύγα
420 2043 686 2123 μνημονεύσομεν,
713 2043 758 2104 ότι
783 2042 851 2116 νόες
877 2034 955 2122 ἦσαν
983 2044 1050 2123 δίχα
1076 2043 1191 2116 παντὸς
1305 2117 1306 2120 ¹

173 2138 307 2223 ἀρνθμοῦ
325 2162 355 2202 τε
372 2139 423 2201 καλ
441 2138 594 2221 ὀνόματος,
612 2138 659 2215 Ιδις
676 2139 767 2202 ἕνάδα
789 2140 910 2202 πάντων
931 2134 1009 2202 εἶναι
1031 2149 1090 2201 τῶν
1107 2145 1190 2221 λογι·
1228 2212 1231 2216 ,

133 2258 160 2299 εο
172 2247 235 2299 κῶν
257 2246 293 2324 τῆ
317 2238 470 2319 ταυτότητι
492 2247 544 2319 τῆς
565 2238 669 2311 ούσίας
691 2236 742 2299 καλ
763 2237 908 2319 ἐνεργείας
929 2236 980 2299 καλ
1002 2248 1038 2324 τῆ
1061 2238 1190 2317 δυνάμει

172 2334 222 2396 καί
244 2344 280 2420 τῆ
304 2335 378 2416 πρὸς
401 2336 453 2398 τδν
470 2336 545 2398 θεὸν
568 2335 656 2418 λόγον
679 2334 781 2397 ἑνώσει
804 2357 833 2397 τε
855 2335 905 2397 καλ
927 2336 1041 2417 γνοόσει.
1078 2334 1129 2397 καλ
1146 2334 1189 2409 ὡς

74 2453 115 2495 ωο
128 2454 158 2493 ιε.
173 2433 264 2513 κόρον
286 2431 385 2493 αὐτῶν
408 2433 560 2514 λαβόντων
582 2443 635 2514 τῆς
653 2435 740 2507 θείας
762 2432 878 2517 ἀγάπης
900 2432 950 2495 καί
968 2435 1097 2516 θεωρίας
1119 2429 1185 2494 κατ’

171 2527 333 2610 ἀναλογίαν
356 2528 404 2591 ἐπὶ
422 2530 454 2592 τὸ
473 2536 571 2612 χεῖρον
593 2541 646 2612 τῆς
665 2531 788 2594 ἑκάστου
811 2541 922 2614 τροπῆς
944 2529 1189 2613 λεπτομερέστερα

170 2622 448 2709 ῆπαχυμερόστερα
471 2628 589 2706 σώματα
612 2627 823 2707 ἀμφιάσασθαι
847 2627 897 2689 καί
918 2626 1050 2707 ὀνόματα
1071 2614 1188 2710 κληρώ-

131 2745 157 2787 οο
172 2728 294 2805 σασθαι,
317 2721 481 2785 κάντεῦθεν
499 2724 550 2797 τὰς
569 2725 711 2808 ούρανίας
730 2726 781 2787 καλ
799 2726 999 2807 λειτουργικὰς
1020 2725 1188 2807 ύποστῆναι

243 2902 257 2950 1
282 2896 353 2951 κατὰ
381 2912 431 2951 om.
457 2895 489 2949 D.
520 2928 554 2937 -
586 2895 794 2967 μομηιουέστίοις
821 2896 872 2951 GL
905 2894 1020 2968 μόμψου
1048 2894 1140 2961 ἑστίας
1162 2898 1186 2950 Ε

170 2964 397 3040 μουμαγουεστίας
418 2967 448 3021 Μ
471 2966 660 3038 μοψουεστίας
677 2968 710 3023 V.
730 3001 764 3009 -
784 2974 800 3021 3
821 2971 871 3040 ϊβα
888 2971 948 3023 sine
965 2985 1020 3023 σου.
1041 2969 1067 3022 A
1091 2969 1140 3039 ίβᾶ
1159 2968 1186 3022 V

170 3038 218 3112 ίβα
237 3039 299 3094 ΟΜ.
317 3072 352 3081 -
371 3046 388 3093 4
405 3048 456 3094 τοῦ
475 3056 525 3095 om.
540 3039 603 3093 BN.
619 3071 653 3079 -
673 3045 688 3093 7
707 3041 772 3109 περὶ
790 3039 840 3110 μὲν
854 3039 957 3094 ΑΒΟΡ
978 3040 1044 3109 περὶ
1062 3040 1113 3109 μὲν
1132 3036 1186 3095 οὖν

168 3110 229 3164 rell.
249 3142 284 3150 -
308 3118 340 3165 12
360 3112 451 3181 δῆθεν
468 3111 491 3164 Ρ
515 3110 607 3179 δήπου
625 3110 658 3164 R.
683 3143 717 3151 —
742 3116 775 3164 1³
794 3111 843 3166 καί
861 3117 925 3167 ante
941 3107 1114 3183 Ἀδαμαντίμ
1132 3128 1184 3167 σοι.

168 3180 232 3234 BN.
256 3213 291 3221 -
316 3187 348 3235 16
371 3182 476 3237 τέλειον
495 3182 518 3235 E
541 3188 566 3237 et
588 3197 659 3236 rece.
679 3182 803 3251 quidam.
828 3213 862 3223 -
887 3187 919 3236 17
944 3183 974 3237 ἐκ
997 3191 1052 3237 τῶν
1075 3185 1185 3236 πολλῶν

170 3250 322 3306 OEGMR.
342 3285 376 3293 —
400 3260 432 3307 21
452 3254 501 3309 καλ
518 3260 552 3324 τῇ
571 3253 641 3321 πρὸς
659 3252 735 3307 ΑΒΡ
757 3254 806 3308 καλ
823 3270 874 3308 ονε.
888 3253 949 3308 rell.
969 3285 1003 3293 -
1023 3254 1095 3321 πρὸς
1111 3253 1185 3308 θεὸν

169 3322 256 3375 ABR.
277 3353 310 3361 -
334 3330 368 3377 22
387 3323 459 3377 κατὰ
478 3321 633 3393 ἀναλογίαν
653 3323 733 3378 codd.
744 3332 856 3395 praeter
872 3324 961 3379 AEP.
983 3357 1017 3365 -
1039 3330 1074 3379 24
1092 3322 1110 3392 ἢ
1128 3343 1184 3377 πα-

81 3461 84 3467 ,
168 3389 446 3515 χυμερίστερμΠᾼΒΡ
470 3392 487 3463 ῆ
511 3395 559 3448 καὶ
583 3395 726 3465 παχύτερα
748 3396 808 3451 rell.
833 3427 866 3437 —
891 3400 926 3449 25
946 3394 1098 3464 οὐρανίους
1114 3395 1141 3449 V
1158 3402 1186 3451 et

167 3479 239 3518 τεοῦ.
254 3478 330 3516 noun
372 3480 390 3517 1.

242 3610 257 3657 6
277 3600 362 3673 ἁγίαν
381 3620 430 3657 om.
445 3604 475 3657 P.
496 3636 529 3645 -
549 3610 565 3659 8
584 3604 650 3674 ἡμῖν
669 3626 698 3661 τε
716 3609 765 3662 καὶ
783 3575 815 3663 Ρ.Ι
832 3639 868 3650 —-
888 3615 922 3662 14
940 3581 1088 3679 δυσμενεία
1106 3607 1136 3660 Ρ.
