<?xml version="1.0" encoding="UTF-8"?>
<!DOCTYPE html PUBLIC "-//W3C//DTD XHTML 1.0 Transitional//EN"
    "http://www.w3.org/TR/xhtml1/DTD/xhtml1-transitional.dtd">
<html xmlns="http://www.w3.org/1999/xhtml" xml:lang="en" lang="en">
 <head>
  <title>
</title>
<meta http-equiv="Content-Type" content="text/html;charset=utf-8" />
  <meta name='ocr-system' content='tesseract 3.04.00' />
  <meta name='ocr-capabilities' content='ocr_page ocr_carea ocr_par ocr_line ocrx_word'/>
</head>
<body>
  <div class='ocr_page' id='page_1' title='image "./georgiimonachic00boorgoog_0302.png"; bbox 0 0 2617 3909; ppageno 0'>
   <div class='ocr_carea' id='block_1_1' title="bbox 194 227 894 292">
    <p class='ocr_par' dir='ltr' id='par_1_1' title="bbox 194 227 894 292">
     <span class='ocr_line' id='line_1_1' title="bbox 194 227 894 292; baseline -0.017 0"><span class='ocrx_word' id='word_1_1' title='bbox 194 227 259 292; x_wconf 79' lang='grc'><strong><em>676</em></strong></span> <span class='ocrx_word' id='word_1_2' title='bbox 507 229 694 282; x_wconf 73' lang='grc' dir='ltr'><strong><em>νεκεεεον</em></strong></span> <span class='ocrx_word' id='word_1_3' title='bbox 711 229 894 282; x_wconf 63' lang='lat' dir='ltr'><strong><em>mmor</em></strong></span> 
     </span>
    </p>
   </div>
   <div class='ocr_carea' id='block_1_2' title="bbox 91 375 1295 2419">
    <p class='ocr_par' dir='ltr' id='par_1_2' title="bbox 105 375 1295 1442">
     <span class='ocr_line' id='line_1_2' title="bbox 192 375 1220 461; baseline 0.002 -23"><span class='ocrx_word' id='word_1_4' title='bbox 192 375 266 438; x_wconf 79' lang='grc' dir='ltr'><strong><em>ἀλλὰ</em></strong></span> <span class='ocrx_word' id='word_1_5' title='bbox 291 377 342 440; x_wconf 83' lang='grc' dir='ltr'><strong><em>κοιλ</em></strong></span> <span class='ocrx_word' id='word_1_6' title='bbox 365 377 446 461; x_wconf 81' lang='grc' dir='ltr'><strong><em>μέχρι</em></strong></span> <span class='ocrx_word' id='word_1_7' title='bbox 470 379 560 460; x_wconf 80' lang='grc' dir='ltr'><em>λόγου</em></span> <span class='ocrx_word' id='word_1_8' title='bbox 584 378 698 456; x_wconf 86' lang='grc' dir='ltr'><strong><em>φθάνει</em></strong></span> <span class='ocrx_word' id='word_1_9' title='bbox 724 376 774 439; x_wconf 85' lang='grc' dir='ltr'><strong><em>καλ</em></strong></span> <span class='ocrx_word' id='word_1_10' title='bbox 798 376 1001 460; x_wconf 83' lang='grc' dir='ltr'><strong><em>προαιρέσεως.</em></strong></span> <span class='ocrx_word' id='word_1_11' title='bbox 1048 375 1120 440; x_wconf 78' lang='grc' dir='ltr'><strong><em>οὐδὲ</em></strong></span> <span class='ocrx_word' id='word_1_12' title='bbox 1144 379 1220 460; x_wconf 88' lang='grc' dir='ltr'><strong><em>γάρ,</em></strong></span> 
     </span>
     <span class='ocr_line' id='line_1_3' title="bbox 192 469 1220 559; baseline 0.002 -23"><span class='ocrx_word' id='word_1_13' title='bbox 192 476 225 537; x_wconf 82' lang='grc' dir='ltr'><strong><em>εἴ</em></strong></span> <span class='ocrx_word' id='word_1_14' title='bbox 241 477 285 550; x_wconf 91' lang='grc' dir='ltr'><strong><em>τίς</em></strong></span> <span class='ocrx_word' id='word_1_15' title='bbox 307 475 366 538; x_wconf 87' lang='grc' dir='ltr'><strong><em>ἐστι</em></strong></span> <span class='ocrx_word' id='word_1_16' title='bbox 388 475 481 556; x_wconf 83' lang='grc' dir='ltr'><strong><em>πένης</em></strong></span> <span class='ocrx_word' id='word_1_17' title='bbox 503 469 590 550; x_wconf 69' lang='grc' dir='ltr'><strong><em>οὗτος</em></strong></span> <span class='ocrx_word' id='word_1_18' title='bbox 611 474 662 538; x_wconf 85' lang='grc' dir='ltr'><strong><em>καλ</em></strong></span> <span class='ocrx_word' id='word_1_19' title='bbox 684 475 880 559; x_wconf 86' lang='grc' dir='ltr'><strong><em>προαιρέσεως</em></strong></span> <span class='ocrx_word' id='word_1_20' title='bbox 906 474 1063 556; x_wconf 85' lang='grc' dir='ltr'><strong><em>ἐστέρηται.</em></strong></span> <span class='ocrx_word' id='word_1_21' title='bbox 1111 474 1220 555; x_wconf 84' lang='grc' dir='ltr'><strong><em>άμέλει</em></strong></span> 
     </span>
     <span class='ocr_line' id='line_1_4' title="bbox 193 571 1219 656; baseline -0.002 -21"><span class='ocrx_word' id='word_1_22' title='bbox 193 573 225 635; x_wconf 88' lang='grc' dir='ltr'><strong><em>τὸ</em></strong></span> <span class='ocrx_word' id='word_1_23' title='bbox 249 573 323 656; x_wconf 74' lang='grc' dir='ltr'><strong><em>μέγα</em></strong></span> <span class='ocrx_word' id='word_1_24' title='bbox 344 573 394 636; x_wconf 85' lang='grc' dir='ltr'><strong><em>καί</em></strong></span> <span class='ocrx_word' id='word_1_25' title='bbox 412 580 499 636; x_wconf 85' lang='grc' dir='ltr'><strong><em>θεῖον</em></strong></span> <span class='ocrx_word' id='word_1_26' title='bbox 517 572 610 647; x_wconf 82' lang='grc' dir='ltr'><strong><em>ὄντας</em></strong></span> <span class='ocrx_word' id='word_1_27' title='bbox 630 574 793 656; x_wconf 77' lang='grc' dir='ltr'><strong><em>μυστήριον</em></strong></span> <span class='ocrx_word' id='word_1_28' title='bbox 815 571 901 654; x_wconf 79' lang='grc' dir='ltr'><strong><em>ἡμῶν</em></strong></span> <span class='ocrx_word' id='word_1_29' title='bbox 920 573 976 636; x_wconf 77' lang='grc' dir='ltr'><strong><em>οὐκ</em></strong></span> <span class='ocrx_word' id='word_1_30' title='bbox 994 573 1043 636; x_wconf 84' lang='grc' dir='ltr'><strong><em>ἐπί</em></strong></span> <span class='ocrx_word' id='word_1_31' title='bbox 1061 573 1219 656; x_wconf 79' lang='grc' dir='ltr'><strong><em>χρήμασιν</em></strong></span> 
     </span>
     <span class='ocr_line' id='line_1_5' title="bbox 105 668 1217 757; baseline 0 -25"><span class='ocrx_word' id='word_1_32' title='bbox 105 694 108 700; x_wconf 92' lang='grc'><strong><em>·</em></strong></span> <span class='ocrx_word' id='word_1_33' title='bbox 152 697 155 704; x_wconf 96' lang='grc'><strong><em>·</em></strong></span> <span class='ocrx_word' id='word_1_34' title='bbox 193 670 250 752; x_wconf 77' lang='grc' dir='ltr'><strong><em>ἔχει</em></strong></span> <span class='ocrx_word' id='word_1_35' title='bbox 271 672 327 752; x_wconf 75' lang='grc' dir='ltr'><strong><em>τὴν</em></strong></span> <span class='ocrx_word' id='word_1_36' title='bbox 348 670 516 753; x_wconf 81' lang='grc' dir='ltr'><strong><em>δπόσχεσιν,</em></strong></span> <span class='ocrx_word' id='word_1_37' title='bbox 538 668 602 733; x_wconf 88' lang='grc' dir='ltr'><strong><em>ἀλλ’</em></strong></span> <span class='ocrx_word' id='word_1_38' title='bbox 623 671 671 734; x_wconf 78' lang='grc' dir='ltr'><strong><em>ἐπὶ</em></strong></span> <span class='ocrx_word' id='word_1_39' title='bbox 698 671 866 754; x_wconf 78' lang='grc' dir='ltr'><strong><em>προαιρέσει</em></strong></span> <span class='ocrx_word' id='word_1_40' title='bbox 888 673 979 757; x_wconf 79' lang='grc' dir='ltr'><strong><em>τελείγ</em></strong></span> <span class='ocrx_word' id='word_1_41' title='bbox 1001 670 1052 733; x_wconf 81' lang='grc' dir='ltr'><strong><em>καὶ</em></strong></span> <span class='ocrx_word' id='word_1_42' title='bbox 1074 681 1111 757; x_wconf 77' lang='grc' dir='ltr'><strong><em>τῇ</em></strong></span> <span class='ocrx_word' id='word_1_43' title='bbox 1135 673 1217 734; x_wconf 84' lang='grc' dir='ltr'><strong><em>κατὰ</em></strong></span> 
     </span>
     <span class='ocr_line' id='line_1_6' title="bbox 167 769 1216 852; baseline 0.002 -24"><span class='ocrx_word' id='word_1_44' title='bbox 167 770 268 832; x_wconf 80' lang='grc' dir='ltr'><strong><em>εθεδν</em></strong></span> <span class='ocrx_word' id='word_1_45' title='bbox 290 771 391 831; x_wconf 87' lang='grc' dir='ltr'><strong><em>πίστει.</em></strong></span> <span class='ocrx_word' id='word_1_46' title='bbox 436 774 544 843; x_wconf 88' lang='grc' dir='ltr'><strong><em>πάντες</em></strong></span> <span class='ocrx_word' id='word_1_47' title='bbox 566 770 622 852; x_wconf 84' lang='grc' dir='ltr'><strong><em>γὰρ</em></strong></span> <span class='ocrx_word' id='word_1_48' title='bbox 644 770 891 852; x_wconf 81' lang='grc' dir='ltr'><strong><em>ἐπηγγειλάμεθα,</em></strong></span> <span class='ocrx_word' id='word_1_49' title='bbox 916 769 967 832; x_wconf 81' lang='grc' dir='ltr'><strong><em>καὶ</em></strong></span> <span class='ocrx_word' id='word_1_50' title='bbox 989 771 1096 843; x_wconf 83' lang='grc' dir='ltr'><strong><em>πάντες</em></strong></span> <span class='ocrx_word' id='word_1_51' title='bbox 1119 769 1216 851; x_wconf 89' lang='grc' dir='ltr'><strong><em>ἐπαγ-</em></strong></span> 
     </span>
     <span class='ocr_line' id='line_1_7' title="bbox 192 865 1215 950; baseline 0 -22"><span class='ocrx_word' id='word_1_52' title='bbox 192 869 290 948; x_wconf 85' lang='grc' dir='ltr'><strong><em>γελίας</em></strong></span> <span class='ocrx_word' id='word_1_53' title='bbox 319 865 407 948; x_wconf 79' lang='grc' dir='ltr'><strong><em>ἐσμέν</em></strong></span> <span class='ocrx_word' id='word_1_54' title='bbox 437 867 615 930; x_wconf 74' lang='grc' dir='ltr'><strong><em>ὑπεύθυνοι.</em></strong></span> <span class='ocrx_word' id='word_1_55' title='bbox 661 866 776 950; x_wconf 79' lang='grc' dir='ltr'><em>ἀνάγκη</em></span> <span class='ocrx_word' id='word_1_56' title='bbox 808 869 911 930; x_wconf 79' lang='grc' dir='ltr'><strong><em>τοίνυν</em></strong></span> <span class='ocrx_word' id='word_1_57' title='bbox 942 867 1122 929; x_wconf 78' lang='grc' dir='ltr'><strong><em>ἀποδιδόναι</em></strong></span> <span class='ocrx_word' id='word_1_58' title='bbox 1155 868 1215 946; x_wconf 74' lang='grc' dir='ltr'><strong><em>τὴν</em></strong></span> 
     </span>
     <span class='ocr_line' id='line_1_8' title="bbox 193 963 1216 1049; baseline 0.002 -24"><span class='ocrx_word' id='word_1_59' title='bbox 193 963 248 1044; x_wconf 76' lang='grc' dir='ltr'><strong><em>μὲν</em></strong></span> <span class='ocrx_word' id='word_1_60' title='bbox 269 964 423 1049; x_wconf 76' lang='grc' dir='ltr'><strong><em>παρθένον</em></strong></span> <span class='ocrx_word' id='word_1_61' title='bbox 445 966 501 1046; x_wconf 76' lang='grc' dir='ltr'><strong><em>τὴν</em></strong></span> <span class='ocrx_word' id='word_1_62' title='bbox 523 968 691 1049; x_wconf 75' lang='grc' dir='ltr'><strong><em>παρθενίαν</em></strong></span> <span class='ocrx_word' id='word_1_63' title='bbox 714 964 821 1028; x_wconf 81' lang='grc' dir='ltr'><strong><em>ὁποίαν</em></strong></span> <span class='ocrx_word' id='word_1_64' title='bbox 848 965 898 1027; x_wconf 89' lang='grc' dir='ltr'><strong><em>καλ</em></strong></span> <span class='ocrx_word' id='word_1_65' title='bbox 925 965 1131 1048; x_wconf 84' lang='grc' dir='ltr'><strong><em>ἐπηγγείλατο,</em></strong></span> <span class='ocrx_word' id='word_1_66' title='bbox 1159 965 1216 1027; x_wconf 86' lang='grc' dir='ltr'><strong><em>τὸν</em></strong></span> 
     </span>
     <span class='ocr_line' id='line_1_9' title="bbox 194 1061 1214 1150; baseline 0.001 -25"><span class='ocrx_word' id='word_1_67' title='bbox 194 1061 228 1125; x_wconf 81' lang='grc' dir='ltr'><strong><em>δέ</em></strong></span> <span class='ocrx_word' id='word_1_68' title='bbox 250 1062 374 1146; x_wconf 79' lang='grc' dir='ltr'><strong><em>ἐγκρατῆ</em></strong></span> <span class='ocrx_word' id='word_1_69' title='bbox 396 1065 452 1145; x_wconf 80' lang='grc' dir='ltr'><strong><em>τὴν</em></strong></span> <span class='ocrx_word' id='word_1_70' title='bbox 472 1064 650 1148; x_wconf 86' lang='grc' dir='ltr'><strong><em>ἐγκράτειαν,</em></strong></span> <span class='ocrx_word' id='word_1_71' title='bbox 673 1064 744 1138; x_wconf 77' lang='grc' dir='ltr'><strong><em>τοὺς</em></strong></span> <span class='ocrx_word' id='word_1_72' title='bbox 762 1063 794 1127; x_wconf 90' lang='grc' dir='ltr'><strong><em>δέ</em></strong></span> <span class='ocrx_word' id='word_1_73' title='bbox 816 1064 849 1126; x_wconf 94' lang='grc' dir='ltr'><strong><em>ἐν</em></strong></span> <span class='ocrx_word' id='word_1_74' title='bbox 871 1065 955 1150; x_wconf 78' lang='grc' dir='ltr'><strong><em>γάμῳ</em></strong></span> <span class='ocrx_word' id='word_1_75' title='bbox 974 1064 1028 1142; x_wconf 80' lang='grc' dir='ltr'><strong><em>τὴν</em></strong></span> <span class='ocrx_word' id='word_1_76' title='bbox 1049 1066 1214 1146; x_wconf 79' lang='grc' dir='ltr'><strong><em>σωφροσύ-</em></strong></span> 
     </span>
     <span class='ocr_line' id='line_1_10' title="bbox 193 1160 1295 1245; baseline 0.002 -23"><span class='ocrx_word' id='word_1_77' title='bbox 193 1185 252 1240; x_wconf 88' lang='grc' dir='ltr'><strong><em>νην</em></strong></span> <span class='ocrx_word' id='word_1_78' title='bbox 274 1162 325 1224; x_wconf 88' lang='grc' dir='ltr'><strong><em>καλ</em></strong></span> <span class='ocrx_word' id='word_1_79' title='bbox 346 1163 402 1243; x_wconf 76' lang='grc' dir='ltr'><strong><em>την</em></strong></span> <span class='ocrx_word' id='word_1_80' title='bbox 422 1163 497 1245; x_wconf 85' lang='grc' dir='ltr'><strong><em>πρὸς</em></strong></span> <span class='ocrx_word' id='word_1_81' title='bbox 514 1162 660 1242; x_wconf 78' lang='grc' dir='ltr'><strong><em>ἀλλήλους</em></strong></span> <span class='ocrx_word' id='word_1_82' title='bbox 678 1163 766 1242; x_wconf 80' lang='grc' dir='ltr'><strong><em>τιμήν</em></strong></span> <span class='ocrx_word' id='word_1_83' title='bbox 784 1185 814 1224; x_wconf 89' lang='grc' dir='ltr'><strong><em>τε</em></strong></span> <span class='ocrx_word' id='word_1_84' title='bbox 835 1161 886 1224; x_wconf 84' lang='grc' dir='ltr'><strong><em>καλ</em></strong></span> <span class='ocrx_word' id='word_1_85' title='bbox 908 1161 1037 1243; x_wconf 81' lang='grc' dir='ltr'><strong><em>ἀγάπην,</em></strong></span> <span class='ocrx_word' id='word_1_86' title='bbox 1059 1160 1112 1223; x_wconf 85' lang='grc' dir='ltr'><strong><em>καλ</em></strong></span> <span class='ocrx_word' id='word_1_87' title='bbox 1130 1160 1215 1237; x_wconf 86' lang='grc' dir='ltr'><strong><em>τέλος</em></strong></span> <span class='ocrx_word' id='word_1_88' title='bbox 1294 1228 1295 1233; x_wconf 15' lang='lat'>1</span> 
     </span>
     <span class='ocr_line' id='line_1_11' title="bbox 153 1246 1295 1341; baseline 0.002 -21"><span class='ocrx_word' id='word_1_89' title='bbox 153 1280 180 1320; x_wconf 79' lang='grc' dir='ltr'><strong><em>ιο</em></strong></span> <span class='ocrx_word' id='word_1_90' title='bbox 193 1260 306 1334; x_wconf 86' lang='grc' dir='ltr'><strong><em>πάντας</em></strong></span> <span class='ocrx_word' id='word_1_91' title='bbox 327 1261 382 1341; x_wconf 80' lang='grc' dir='ltr'><strong><em>τὴν</em></strong></span> <span class='ocrx_word' id='word_1_92' title='bbox 405 1262 447 1336; x_wconf 91' lang='grc' dir='ltr'><strong><em>είς</em></strong></span> <span class='ocrx_word' id='word_1_93' title='bbox 469 1260 544 1323; x_wconf 79' lang='grc' dir='ltr'><strong><em>θεὸν</em></strong></span> <span class='ocrx_word' id='word_1_94' title='bbox 566 1261 665 1322; x_wconf 90' lang='grc' dir='ltr'><strong><em>πίστιν</em></strong></span> <span class='ocrx_word' id='word_1_95' title='bbox 687 1259 740 1321; x_wconf 84' lang='grc' dir='ltr'><strong><em>καλ·</em></strong></span> <span class='ocrx_word' id='word_1_96' title='bbox 760 1260 915 1340; x_wconf 78' lang='grc' dir='ltr'><strong><em>εὐλάβειαν</em></strong></span> <span class='ocrx_word' id='word_1_97' title='bbox 938 1258 988 1320; x_wconf 85' lang='grc' dir='ltr'><strong><em>καλ</em></strong></span> <span class='ocrx_word' id='word_1_98' title='bbox 1010 1260 1213 1340; x_wconf 81' lang='grc' dir='ltr'><strong><em>δικαιοσύνην</em></strong></span> <span class='ocrx_word' id='word_1_99' title='bbox 1294 1246 1295 1275; x_wconf 43' lang='lat'>³</span> 
     </span>
     <span class='ocr_line' id='line_1_12' title="bbox 191 1357 412 1442; baseline 0.005 -23"><span class='ocrx_word' id='word_1_100' title='bbox 191 1357 242 1442; x_wconf 87' lang='grc' dir='ltr'><strong><em>καλΙ</em></strong></span> <span class='ocrx_word' id='word_1_101' title='bbox 263 1358 412 1441; x_wconf 86' lang='grc' dir='ltr'><strong><em>ἀνδρείαν.</em></strong></span> 
     </span>
    </p>

    <p class='ocr_par' dir='ltr' id='par_1_3' title="bbox 191 1450 1214 1734">
     <span class='ocr_line' id='line_1_13' title="bbox 258 1450 1214 1542; baseline 0.001 -25"><span class='ocrx_word' id='word_1_102' title='bbox 258 1455 320 1517; x_wconf 87' lang='grc' dir='ltr'><strong><em>Καλ</em></strong></span> <span class='ocrx_word' id='word_1_103' title='bbox 342 1455 375 1518; x_wconf 88' lang='grc' dir='ltr'><strong><em>ἐν</em></strong></span> <span class='ocrx_word' id='word_1_104' title='bbox 394 1450 595 1542; x_wconf 74' lang='grc' dir='ltr'><strong><em>Ἀλεξανδρείᾳ</em></strong></span> <span class='ocrx_word' id='word_1_105' title='bbox 618 1455 650 1518; x_wconf 85' lang='grc' dir='ltr'><strong><em>δέ</em></strong></span> <span class='ocrx_word' id='word_1_106' title='bbox 673 1454 784 1538; x_wconf 85' lang='grc' dir='ltr'><strong><em>ἐγένετό</em></strong></span> <span class='ocrx_word' id='word_1_107' title='bbox 808 1480 835 1518; x_wconf 91' lang='grc' dir='ltr'><strong><em>τι</em></strong></span> <span class='ocrx_word' id='word_1_108' title='bbox 860 1465 1002 1518; x_wconf 73' lang='grc' dir='ltr'><strong><em>τοιοῦτον.</em></strong></span> <span class='ocrx_word' id='word_1_109' title='bbox 1048 1454 1214 1530; x_wconf 85' lang='grc' dir='ltr'><strong><em>ἐπίσκοπός</em></strong></span> 
     </span>
     <span class='ocr_line' id='line_1_14' title="bbox 192 1554 1213 1636; baseline 0.003 -23"><span class='ocrx_word' id='word_1_110' title='bbox 192 1576 236 1626; x_wconf 92' lang='grc' dir='ltr'><strong><em>τις</em></strong></span> <span class='ocrx_word' id='word_1_111' title='bbox 258 1554 386 1634; x_wconf 77' lang='grc' dir='ltr'><strong><em>εὐλαβὴς</em></strong></span> <span class='ocrx_word' id='word_1_112' title='bbox 412 1555 494 1616; x_wconf 89' lang='grc' dir='ltr'><strong><em>πάνυ</em></strong></span> <span class='ocrx_word' id='word_1_113' title='bbox 521 1556 648 1634; x_wconf 88' lang='grc' dir='ltr'><strong><em>πλησίον</em></strong></span> <span class='ocrx_word' id='word_1_114' title='bbox 675 1555 749 1635; x_wconf 74' lang='grc' dir='ltr'><strong><em>ἔχων</em></strong></span> <span class='ocrx_word' id='word_1_115' title='bbox 773 1555 941 1632; x_wconf 85' lang='grc' dir='ltr'><strong><em>φιλόσοφόν</em></strong></span> <span class='ocrx_word' id='word_1_116' title='bbox 965 1577 1032 1616; x_wconf 89' lang='grc' dir='ltr'><strong><em>τινα</em></strong></span> <span class='ocrx_word' id='word_1_117' title='bbox 1053 1554 1213 1636; x_wconf 80' lang='grc' dir='ltr'><strong><em>Εὔάγριον</em></strong></span> 
     </span>
     <span class='ocr_line' id='line_1_15' title="bbox 191 1649 1212 1734; baseline 0.002 -24"><span class='ocrx_word' id='word_1_118' title='bbox 191 1651 385 1731; x_wconf 80' lang='grc' dir='ltr'><strong><em>καλούμενον,</em></strong></span> <span class='ocrx_word' id='word_1_119' title='bbox 407 1649 523 1733; x_wconf 72' lang='grc' dir='ltr'><strong><em>ἑταῖρον</em></strong></span> <span class='ocrx_word' id='word_1_120' title='bbox 544 1650 598 1730; x_wconf 81' lang='grc' dir='ltr'><strong><em>μὲν</em></strong></span> <span class='ocrx_word' id='word_1_121' title='bbox 618 1651 711 1714; x_wconf 80' lang='grc' dir='ltr'><strong><em>αὐτοῦ</em></strong></span> <span class='ocrx_word' id='word_1_122' title='bbox 730 1652 890 1734; x_wconf 85' lang='grc' dir='ltr'><strong><em>γενόμενον</em></strong></span> <span class='ocrx_word' id='word_1_123' title='bbox 913 1651 945 1714; x_wconf 85' lang='grc' dir='ltr'><strong><em>ἐν</em></strong></span> <span class='ocrx_word' id='word_1_124' title='bbox 968 1657 1029 1726; x_wconf 86' lang='grc' dir='ltr'><strong><em>τοῖς</em></strong></span> <span class='ocrx_word' id='word_1_125' title='bbox 1047 1653 1212 1731; x_wconf 88' lang='grc' dir='ltr'><strong><em>παιδευτη-</em></strong></span> 
     </span>
    </p>

    <p class='ocr_par' dir='ltr' id='par_1_4' title="bbox 152 1743 1213 1931">
     <span class='ocr_line' id='line_1_16' title="bbox 152 1743 1213 1830; baseline 0.006 -24"><span class='ocrx_word' id='word_1_126' title='bbox 152 1766 178 1807; x_wconf 77' lang='grc' dir='ltr'><strong><em>ιε</em></strong></span> <span class='ocrx_word' id='word_1_127' title='bbox 193 1749 278 1829; x_wconf 88' lang='grc' dir='ltr'><strong><em>ρίοις,</em></strong></span> <span class='ocrx_word' id='word_1_128' title='bbox 292 1743 425 1828; x_wconf 80' lang='grc' dir='ltr'><strong><em>Ἕλληνα</em></strong></span> <span class='ocrx_word' id='word_1_129' title='bbox 444 1747 476 1811; x_wconf 87' lang='grc' dir='ltr'><strong><em>δέ</em></strong></span> <span class='ocrx_word' id='word_1_130' title='bbox 493 1749 548 1829; x_wconf 75' lang='grc' dir='ltr'><strong><em>τὴν</em></strong></span> <span class='ocrx_word' id='word_1_131' title='bbox 567 1751 741 1830; x_wconf 79' lang='grc' dir='ltr'><strong><em>θρησκείαν,</em></strong></span> <span class='ocrx_word' id='word_1_132' title='bbox 764 1747 800 1813; x_wconf 83' lang='grc' dir='ltr'><strong><em>δν</em></strong></span> <span class='ocrx_word' id='word_1_133' title='bbox 821 1750 837 1813; x_wconf 89' lang='grc' dir='ltr'><strong><em>δ</em></strong></span> <span class='ocrx_word' id='word_1_134' title='bbox 858 1749 1017 1824; x_wconf 76' lang='grc' dir='ltr'><strong><em>ἐπίσκοπος</em></strong></span> <span class='ocrx_word' id='word_1_135' title='bbox 1036 1755 1213 1829; x_wconf 80' lang='grc' dir='ltr'><strong><em>μεταθεῖναι</em></strong></span> 
     </span>
     <span class='ocr_line' id='line_1_17' title="bbox 193 1845 1212 1931; baseline 0.003 -24"><span class='ocrx_word' id='word_1_136' title='bbox 193 1845 375 1926; x_wconf 82' lang='grc' dir='ltr'><strong><em>βουλόμενος</em></strong></span> <span class='ocrx_word' id='word_1_137' title='bbox 396 1846 429 1908; x_wconf 92' lang='grc' dir='ltr'><strong><em>ἐκ</em></strong></span> <span class='ocrx_word' id='word_1_138' title='bbox 451 1856 504 1927; x_wconf 79' lang='grc' dir='ltr'><strong><em>τῆς</em></strong></span> <span class='ocrx_word' id='word_1_139' title='bbox 525 1847 737 1927; x_wconf 80' lang='grc' dir='ltr'><strong><em>είδεολομανίας</em></strong></span> <span class='ocrx_word' id='word_1_140' title='bbox 759 1848 833 1931; x_wconf 87' lang='grc' dir='ltr'><strong><em>πρὸς</em></strong></span> <span class='ocrx_word' id='word_1_141' title='bbox 855 1848 911 1928; x_wconf 80' lang='grc' dir='ltr'><strong><em>τὴν</em></strong></span> <span class='ocrx_word' id='word_1_142' title='bbox 933 1849 1032 1909; x_wconf 86' lang='grc' dir='ltr'><strong><em>πίστιν</em></strong></span> <span class='ocrx_word' id='word_1_143' title='bbox 1056 1857 1110 1910; x_wconf 79' lang='grc' dir='ltr'><strong><em>τοῦ</em></strong></span> <span class='ocrx_word' id='word_1_144' title='bbox 1133 1852 1212 1930; x_wconf 86' lang='grc' dir='ltr'><strong><em>Χρι-</em></strong></span> 
     </span>
    </p>

    <p class='ocr_par' dir='ltr' id='par_1_5' title="bbox 91 1942 1210 2126">
     <span class='ocr_line' id='line_1_18' title="bbox 91 1942 1210 2027; baseline 0.004 -25"><span class='ocrx_word' id='word_1_145' title='bbox 91 1961 132 2002; x_wconf 77' lang='grc' dir='ltr'><strong><em>εει</em></strong></span> <span class='ocrx_word' id='word_1_146' title='bbox 145 1960 177 2002; x_wconf 79' lang='lat' dir='ltr'><strong><em>M.</em></strong></span> <span class='ocrx_word' id='word_1_147' title='bbox 193 1952 263 2005; x_wconf 81' lang='grc' dir='ltr'><strong><em>στοῦ</em></strong></span> <span class='ocrx_word' id='word_1_148' title='bbox 287 1954 415 2025; x_wconf 87' lang='grc' dir='ltr'><strong><em>συνεχῶς</em></strong></span> <span class='ocrx_word' id='word_1_149' title='bbox 434 1950 639 2026; x_wconf 82' lang='grc' dir='ltr'><strong><em>προσεκαλεῖτο</em></strong></span> <span class='ocrx_word' id='word_1_150' title='bbox 658 1945 708 2006; x_wconf 88' lang='grc' dir='ltr'><strong><em>καλ</em></strong></span> <span class='ocrx_word' id='word_1_151' title='bbox 730 1945 878 2027; x_wconf 71' lang='grc' dir='ltr'><strong><em>διελέγετο.</em></strong></span> <span class='ocrx_word' id='word_1_152' title='bbox 919 1955 972 2007; x_wconf 80' lang='grc' dir='ltr'><strong><em>τοῦ</em></strong></span> <span class='ocrx_word' id='word_1_153' title='bbox 991 1942 1023 2007; x_wconf 82' lang='grc' dir='ltr'><strong><em>δὲ</em></strong></span> <span class='ocrx_word' id='word_1_154' title='bbox 1042 1946 1082 2026; x_wconf 77' lang='grc' dir='ltr'><strong><em>μὴ</em></strong></span> <span class='ocrx_word' id='word_1_155' title='bbox 1102 1951 1210 2008; x_wconf 73' lang='grc' dir='ltr'><strong><em>πειθα</em></strong></span> 
     </span>
     <span class='ocr_line' id='line_1_19' title="bbox 192 2040 1210 2126; baseline 0.001 -23"><span class='ocrx_word' id='word_1_156' title='bbox 192 2040 298 2123; x_wconf 84' lang='grc' dir='ltr'><strong><em>μένου,</em></strong></span> <span class='ocrx_word' id='word_1_157' title='bbox 324 2041 398 2103; x_wconf 87' lang='grc' dir='ltr'><strong><em>ἀλλά</em></strong></span> <span class='ocrx_word' id='word_1_158' title='bbox 418 2042 470 2104; x_wconf 84' lang='grc' dir='ltr'><strong><em>καλ</em></strong></span> <span class='ocrx_word' id='word_1_159' title='bbox 492 2042 610 2125; x_wconf 86' lang='grc' dir='ltr'><strong><em>σφόδρα</em></strong></span> <span class='ocrx_word' id='word_1_160' title='bbox 637 2045 893 2125; x_wconf 88' lang='grc' dir='ltr'><strong><em>δυσχεραίνοντος,</em></strong></span> <span class='ocrx_word' id='word_1_161' title='bbox 919 2043 1014 2104; x_wconf 85' lang='grc' dir='ltr'><strong><em>εἰπεῖν</em></strong></span> <span class='ocrx_word' id='word_1_162' title='bbox 1041 2041 1154 2126; x_wconf 86' lang='grc' dir='ltr'><strong><em>λέγεται</em></strong></span> <span class='ocrx_word' id='word_1_163' title='bbox 1175 2044 1210 2106; x_wconf 91' lang='grc' dir='ltr'><strong><em>ἐν</em></strong></span> 
     </span>
    </p>

    <p class='ocr_par' dir='ltr' id='par_1_6' title="bbox 192 2139 1210 2225">
     <span class='ocr_line' id='line_1_20' title="bbox 192 2139 1210 2225; baseline 0.001 -24"><span class='ocrx_word' id='word_1_164' title='bbox 192 2140 256 2225; x_wconf 75' lang='grc' dir='ltr'><strong><em>μιχῖ</em></strong></span> <span class='ocrx_word' id='word_1_165' title='bbox 271 2139 346 2224; x_wconf 86' lang='grc' dir='ltr'><strong><em>πρὸς</em></strong></span> <span class='ocrx_word' id='word_1_166' title='bbox 373 2140 425 2202; x_wconf 81' lang='grc' dir='ltr'><strong><em>τόν</em></strong></span> <span class='ocrx_word' id='word_1_167' title='bbox 452 2140 625 2203; x_wconf 87' lang='grc' dir='ltr'><strong><em>ἐπίσκοπον·</em></strong></span> <span class='ocrx_word' id='word_1_168' title='bbox 660 2140 765 2222; x_wconf 86' lang='grc' dir='ltr'><strong><em>όντως,</em></strong></span> <span class='ocrx_word' id='word_1_169' title='bbox 795 2150 864 2222; x_wconf 83' lang='grc' dir='ltr'><strong><em>κῦρι</em></strong></span> <span class='ocrx_word' id='word_1_170' title='bbox 891 2140 907 2203; x_wconf 92' lang='grc' dir='ltr'><strong><em>δ</em></strong></span> <span class='ocrx_word' id='word_1_171' title='bbox 935 2140 1108 2222; x_wconf 79' lang='grc' dir='ltr'><strong><em>ἐπίσκοπος,</em></strong></span> <span class='ocrx_word' id='word_1_172' title='bbox 1137 2141 1210 2221; x_wconf 78' lang='grc' dir='ltr'><strong><em>μετὰ</em></strong></span> 
     </span>
    </p>

    <p class='ocr_par' dir='ltr' id='par_1_7' title="bbox 151 2235 1208 2419">
     <span class='ocr_line' id='line_1_21' title="bbox 151 2235 1208 2321; baseline 0.005 -25"><span class='ocrx_word' id='word_1_173' title='bbox 151 2257 178 2297; x_wconf 80' lang='grc' dir='ltr'><strong><em>κο</em></strong></span> <span class='ocrx_word' id='word_1_174' title='bbox 191 2239 311 2300; x_wconf 82' lang='grc' dir='ltr'><strong><em>πάντων</em></strong></span> <span class='ocrx_word' id='word_1_175' title='bbox 337 2237 386 2300; x_wconf 82' lang='grc' dir='ltr'><strong><em>καί</em></strong></span> <span class='ocrx_word' id='word_1_176' title='bbox 414 2249 499 2301; x_wconf 78' lang='grc' dir='ltr'><strong><em>τοῦτο</em></strong></span> <span class='ocrx_word' id='word_1_177' title='bbox 527 2238 684 2321; x_wconf 76' lang='grc' dir='ltr'><strong><em>ἀπαρέσκει</em></strong></span> <span class='ocrx_word' id='word_1_178' title='bbox 711 2262 776 2319; x_wconf 84' lang='grc' dir='ltr'><strong><em>μοι,</em></strong></span> <span class='ocrx_word' id='word_1_179' title='bbox 804 2235 820 2301; x_wconf 80' lang='grc' dir='ltr'><strong><em>δ</em></strong></span> <span class='ocrx_word' id='word_1_180' title='bbox 848 2237 941 2321; x_wconf 82' lang='grc' dir='ltr'><strong><em>λέγετε</em></strong></span> <span class='ocrx_word' id='word_1_181' title='bbox 968 2239 1000 2300; x_wconf 84' lang='grc' dir='ltr'><strong><em>οῖ</em></strong></span> <span class='ocrx_word' id='word_1_182' title='bbox 1022 2241 1208 2320; x_wconf 88' lang='grc' dir='ltr'><strong><em>Χριστιανοί,</em></strong></span> 
     </span>
     <span class='ocr_line' id='line_1_22' title="bbox 192 2335 1207 2419; baseline 0.002 -23"><span class='ocrx_word' id='word_1_183' title='bbox 192 2336 237 2396; x_wconf 83' lang='grc' dir='ltr'><strong><em>ὅτι</em></strong></span> <span class='ocrx_word' id='word_1_184' title='bbox 264 2335 413 2398; x_wconf 78' lang='grc' dir='ltr'><strong><em>συντέλεια</em></strong></span> <span class='ocrx_word' id='word_1_185' title='bbox 437 2347 491 2398; x_wconf 83' lang='grc' dir='ltr'><strong><em>τοῦ</em></strong></span> <span class='ocrx_word' id='word_1_186' title='bbox 518 2337 632 2416; x_wconf 88' lang='grc' dir='ltr'><strong><em>κόσμου</em></strong></span> <span class='ocrx_word' id='word_1_187' title='bbox 659 2340 771 2419; x_wconf 88' lang='grc' dir='ltr'><strong><em>γίνεται</em></strong></span> <span class='ocrx_word' id='word_1_188' title='bbox 797 2335 847 2398; x_wconf 80' lang='grc' dir='ltr'><strong><em>καὶ</em></strong></span> <span class='ocrx_word' id='word_1_189' title='bbox 873 2346 933 2398; x_wconf 86' lang='grc' dir='ltr'><strong><em>τῶν</em></strong></span> <span class='ocrx_word' id='word_1_190' title='bbox 961 2337 1105 2415; x_wconf 85' lang='grc' dir='ltr'><strong><em>σωμάτων</em></strong></span> <span class='ocrx_word' id='word_1_191' title='bbox 1132 2336 1207 2398; x_wconf 87' lang='grc' dir='ltr'><strong><em>ἀνά-</em></strong></span> 
     </span>
    </p>
   </div>
   <div class='ocr_carea' id='block_1_3' title="bbox 191 2543 1207 2684">
    <p class='ocr_par' dir='ltr' id='par_1_8' title="bbox 191 2543 1207 2684">
     <span class='ocr_line' id='line_1_23' title="bbox 263 2543 1207 2614; baseline 0.006 -19"><span class='ocrx_word' id='word_1_192' title='bbox 263 2548 367 2611; x_wconf 79' lang='lat' dir='ltr'><strong>12—p.</strong></span> <span class='ocrx_word' id='word_1_193' title='bbox 387 2549 447 2612; x_wconf 78' lang='grc'><strong><em>678,</em></strong></span> <span class='ocrx_word' id='word_1_194' title='bbox 467 2550 501 2598; x_wconf 81' lang='grc'><strong><em>15</em></strong></span> <span class='ocrx_word' id='word_1_195' title='bbox 520 2543 629 2598; x_wconf 73' lang='lat' dir='ltr'><strong>Similia</strong></span> <span class='ocrx_word' id='word_1_196' title='bbox 647 2543 790 2600; x_wconf 74' lang='lat' dir='ltr'><strong>Johannes</strong></span> <span class='ocrx_word' id='word_1_197' title='bbox 809 2543 940 2598; x_wconf 71' lang='lat' dir='ltr'>Moschus</span> <span class='ocrx_word' id='word_1_198' title='bbox 959 2544 989 2597; x_wconf 90' lang='lat' dir='ltr'><strong><em>in</em></strong></span> <span class='ocrx_word' id='word_1_199' title='bbox 1007 2543 1093 2598; x_wconf 75' lang='grc' dir='ltr'><strong><em>Ρεελο</em></strong></span> <span class='ocrx_word' id='word_1_200' title='bbox 1113 2545 1207 2614; x_wconf 79' lang='lat' dir='ltr'><strong>spirit.</strong></span> 
     </span>
     <span class='ocr_line' id='line_1_24' title="bbox 191 2614 669 2684; baseline 0.008 -18"><span class='ocrx_word' id='word_1_201' title='bbox 191 2628 232 2681; x_wconf 73' lang='lat' dir='ltr'><strong><em>ep.</em></strong></span> <span class='ocrx_word' id='word_1_202' title='bbox 248 2618 307 2667; x_wconf 80' lang='lat'>195.</span> <span class='ocrx_word' id='word_1_203' title='bbox 326 2614 422 2683; x_wconf 72' lang='lat' dir='ltr'><strong>Migne</strong></span> <span class='ocrx_word' id='word_1_204' title='bbox 440 2614 518 2669; x_wconf 77' lang='lat' dir='ltr'><strong>Tom.</strong></span> <span class='ocrx_word' id='word_1_205' title='bbox 532 2619 576 2684; x_wconf 84' lang='grc' dir='ltr'><strong><em>ει,</em></strong></span> <span class='ocrx_word' id='word_1_206' title='bbox 591 2621 669 2670; x_wconf 83' lang='grc' dir='ltr'><strong><em>εοιτ.</em></strong></span> 
     </span>
    </p>
   </div>
   <div class='ocr_carea' id='block_1_4' title="bbox 190 2790 1296 3148">
    <p class='ocr_par' dir='ltr' id='par_1_9' title="bbox 190 2790 1296 3148">
     <span class='ocr_line' id='line_1_25' title="bbox 261 2790 1296 2864; baseline 0.002 -19"><span class='ocrx_word' id='word_1_207' title='bbox 261 2792 348 2862; x_wconf 79' lang='grc' dir='ltr'><strong><em>4την</em></strong></span> <span class='ocrx_word' id='word_1_208' title='bbox 367 2793 438 2847; x_wconf 88' lang='grc' dir='ltr'><strong><em>κατά</em></strong></span> <span class='ocrx_word' id='word_1_209' title='bbox 456 2794 527 2849; x_wconf 84' lang='grc' dir='ltr'><strong><em>θεὸν</em></strong></span> <span class='ocrx_word' id='word_1_210' title='bbox 545 2790 639 2848; x_wconf 84' lang='grc' dir='ltr'><strong><em>πίστιν</em></strong></span> <span class='ocrx_word' id='word_1_211' title='bbox 662 2794 710 2848; x_wconf 86' lang='grc' dir='ltr'><strong><em>κοιλ</em></strong></span> <span class='ocrx_word' id='word_1_212' title='bbox 733 2792 883 2864; x_wconf 80' lang='grc' dir='ltr'><strong><em>ὑπόσχεσιν</em></strong></span> <span class='ocrx_word' id='word_1_213' title='bbox 901 2791 959 2846; x_wconf 81' lang='lat' dir='ltr'><strong><em>RV.</em></strong></span> <span class='ocrx_word' id='word_1_214' title='bbox 984 2824 1018 2833; x_wconf 90' lang='lat'>—</span> <span class='ocrx_word' id='word_1_215' title='bbox 1042 2797 1058 2846; x_wconf 81' lang='lat'>5</span> <span class='ocrx_word' id='word_1_216' title='bbox 1078 2791 1207 2863; x_wconf 82' lang='grc' dir='ltr'><strong><em>ἐπαγγει-</em></strong></span> <span class='ocrx_word' id='word_1_217' title='bbox 1295 2803 1296 2862; x_wconf 58' lang='grc' dir='ltr'><strong><em>χ</em></strong></span> 
     </span>
     <span class='ocr_line' id='line_1_26' title="bbox 190 2861 1296 2936; baseline 0.002 -19"><span class='ocrx_word' id='word_1_218' title='bbox 190 2861 301 2933; x_wconf 86' lang='grc' dir='ltr'><strong><em>λάμεθα</em></strong></span> <span class='ocrx_word' id='word_1_219' title='bbox 319 2864 375 2918; x_wconf 87' lang='grc' dir='ltr'><strong><em>ΑΒ,</em></strong></span> <span class='ocrx_word' id='word_1_220' title='bbox 400 2897 434 2905; x_wconf 93' lang='grc'><strong>-</strong></span> <span class='ocrx_word' id='word_1_221' title='bbox 459 2871 492 2918; x_wconf 79' lang='lat'><strong><em>12</em></strong></span> <span class='ocrx_word' id='word_1_222' title='bbox 511 2863 619 2934; x_wconf 83' lang='grc' dir='ltr'><strong><em>ἐγένετο</em></strong></span> <span class='ocrx_word' id='word_1_223' title='bbox 638 2864 670 2921; x_wconf 81' lang='grc' dir='ltr'><strong><em>δὲ</em></strong></span> <span class='ocrx_word' id='word_1_224' title='bbox 689 2864 720 2920; x_wconf 92' lang='grc' dir='ltr'><strong><em>ἐν</em></strong></span> <span class='ocrx_word' id='word_1_225' title='bbox 738 2865 810 2930; x_wconf 84' lang='grc' dir='ltr'><strong><em>ἀλεξ.</em></strong></span> <span class='ocrx_word' id='word_1_226' title='bbox 829 2884 857 2919; x_wconf 94' lang='grc' dir='ltr'><strong><em>τι</em></strong></span> <span class='ocrx_word' id='word_1_227' title='bbox 878 2873 1006 2919; x_wconf 84' lang='grc' dir='ltr'><strong><em>τοιοῦτον</em></strong></span> <span class='ocrx_word' id='word_1_228' title='bbox 1025 2863 1083 2917; x_wconf 85' lang='lat' dir='ltr'><strong><em>RV.</em></strong></span> <span class='ocrx_word' id='word_1_229' title='bbox 1108 2896 1144 2905; x_wconf 95' lang='lat'><em>-</em></span> <span class='ocrx_word' id='word_1_230' title='bbox 1167 2866 1205 2936; x_wconf 83' lang='grc' dir='ltr'><strong><em>τι]</em></strong></span> <span class='ocrx_word' id='word_1_231' title='bbox 1295 2863 1296 2906; x_wconf 51' lang='lat'>³</span> 
     </span>
     <span class='ocr_line' id='line_1_27' title="bbox 190 2933 1296 3006; baseline 0.002 -18"><span class='ocrx_word' id='word_1_232' title='bbox 190 2955 234 2990; x_wconf 91' lang='grc' dir='ltr'><strong><em>τοι</em></strong></span> <span class='ocrx_word' id='word_1_233' title='bbox 252 2935 282 2989; x_wconf 90' lang='grc' dir='ltr'>Μ</span> <span class='ocrx_word' id='word_1_234' title='bbox 304 2952 355 2990; x_wconf 85' lang='lat' dir='ltr'><strong><em>om.</em></strong></span> <span class='ocrx_word' id='word_1_235' title='bbox 374 2934 434 2991; x_wconf 81' lang='lat' dir='ltr'><strong><em>BG.</em></strong></span> <span class='ocrx_word' id='word_1_236' title='bbox 459 2968 494 2976; x_wconf 97' lang='lat'><em>-</em></span> <span class='ocrx_word' id='word_1_237' title='bbox 518 2941 551 2990; x_wconf 81' lang='lat'><strong><em>13</em></strong></span> <span class='ocrx_word' id='word_1_238' title='bbox 569 2936 634 2991; x_wconf 79' lang='grc' dir='ltr'><strong><em>τινὰ</em></strong></span> <span class='ocrx_word' id='word_1_239' title='bbox 657 2933 815 3006; x_wconf 85' lang='grc' dir='ltr'><strong><em>φιλόσοφον</em></strong></span> <span class='ocrx_word' id='word_1_240' title='bbox 833 2934 917 2990; x_wconf 76' lang='lat' dir='ltr'>ARV.</span> <span class='ocrx_word' id='word_1_241' title='bbox 941 2967 975 2976; x_wconf 91' lang='lat'>—</span> <span class='ocrx_word' id='word_1_242' title='bbox 1000 2942 1033 2989; x_wconf 81' lang='lat'><strong><em>15</em></strong></span> <span class='ocrx_word' id='word_1_243' title='bbox 1057 2933 1091 2991; x_wconf 87' lang='grc' dir='ltr'><strong><em>δν</em></strong></span> <span class='ocrx_word' id='word_1_244' title='bbox 1114 2952 1164 2990; x_wconf 86' lang='lat' dir='ltr'><strong><em>om.</em></strong></span> <span class='ocrx_word' id='word_1_245' title='bbox 1183 2936 1207 2990; x_wconf 97' lang='lat' dir='ltr'>P</span> <span class='ocrx_word' id='word_1_246' title='bbox 1295 2939 1296 2996; x_wconf 63' lang='grc' dir='ltr'>ἶ</span> 
     </span>
     <span class='ocr_line' id='line_1_28' title="bbox 190 3005 1296 3077; baseline 0 -17"><span class='ocrx_word' id='word_1_247' title='bbox 190 3006 276 3062; x_wconf 83' lang='grc' dir='ltr'><strong><em>δοκι.</em></strong></span> <span class='ocrx_word' id='word_1_248' title='bbox 297 3005 328 3061; x_wconf 80' lang='lat' dir='ltr'><strong><em>G.</em></strong></span> <span class='ocrx_word' id='word_1_249' title='bbox 348 3039 383 3048; x_wconf 93' lang='lat'><em>-</em></span> <span class='ocrx_word' id='word_1_250' title='bbox 405 3010 565 3076; x_wconf 74' lang='grc' dir='ltr'><strong><em>μεταθῆται</em></strong></span> <span class='ocrx_word' id='word_1_251' title='bbox 582 3007 688 3061; x_wconf 85' lang='lat' dir='ltr'><strong>LMPR</strong></span> <span class='ocrx_word' id='word_1_252' title='bbox 710 3011 899 3077; x_wconf 73' lang='grc' dir='ltr'><strong><em>μετατεθῆναι</em></strong></span> <span class='ocrx_word' id='word_1_253' title='bbox 918 3005 947 3063; x_wconf 80' lang='lat' dir='ltr'><strong><em>O.</em></strong></span> <span class='ocrx_word' id='word_1_254' title='bbox 972 3039 1005 3047; x_wconf 94' lang='lat'>—</span> <span class='ocrx_word' id='word_1_255' title='bbox 1030 3011 1062 3060; x_wconf 77' lang='lat'><strong><em>17</em></strong></span> <span class='ocrx_word' id='word_1_256' title='bbox 1082 3025 1205 3074; x_wconf 84' lang='grc' dir='ltr'><strong><em>παρεκα·</em></strong></span> <span class='ocrx_word' id='word_1_257' title='bbox 1295 3011 1296 3020; x_wconf 76' lang='grc'>’</span> 
     </span>
     <span class='ocr_line' id='line_1_29' title="bbox 191 3077 1025 3148; baseline -0.001 -17"><span class='ocrx_word' id='word_1_258' title='bbox 191 3079 263 3132; x_wconf 88' lang='grc' dir='ltr'><strong><em>λεῑτο</em></strong></span> <span class='ocrx_word' id='word_1_259' title='bbox 281 3078 307 3131; x_wconf 86' lang='grc' dir='ltr'><strong>Α</strong></span> <span class='ocrx_word' id='word_1_260' title='bbox 329 3082 508 3148; x_wconf 82' lang='grc' dir='ltr'><strong><em>προεκαλεῖτο</em></strong></span> <span class='ocrx_word' id='word_1_261' title='bbox 526 3079 557 3132; x_wconf 91' lang='lat' dir='ltr'><strong><em>B.</em></strong></span> <span class='ocrx_word' id='word_1_262' title='bbox 577 3111 612 3119; x_wconf 95' lang='lat'>-</span> <span class='ocrx_word' id='word_1_263' title='bbox 632 3084 665 3132; x_wconf 87' lang='grc'><strong><em>19</em></strong></span> <span class='ocrx_word' id='word_1_264' title='bbox 683 3079 748 3147; x_wconf 82' lang='grc' dir='ltr'><strong><em>κόρι</em></strong></span> <span class='ocrx_word' id='word_1_265' title='bbox 767 3078 846 3133; x_wconf 85' lang='grc' dir='ltr'><strong><em>οοδδ.</em></strong></span> <span class='ocrx_word' id='word_1_266' title='bbox 863 3085 974 3148; x_wconf 78' lang='lat' dir='ltr'><strong><em>praeter</em></strong></span> <span class='ocrx_word' id='word_1_267' title='bbox 992 3077 1025 3132; x_wconf 91' lang='lat' dir='ltr'><strong><em>V.</em></strong></span> 
     </span>
    </p>
   </div>
   <div class='ocr_carea' id='block_1_5' title="bbox 191 3255 1203 3540">
    <p class='ocr_par' dir='ltr' id='par_1_10' title="bbox 191 3255 1203 3540">
     <span class='ocr_line' id='line_1_30' title="bbox 263 3255 1200 3325; baseline 0.003 -18"><span class='ocrx_word' id='word_1_268' title='bbox 263 3257 380 3311; x_wconf 78' lang='lat' dir='ltr'><strong><em>11A1ia</em></strong></span> <span class='ocrx_word' id='word_1_269' title='bbox 398 3263 550 3325; x_wconf 75' lang='grc' dir='ltr'><strong><em>ειοκκιιλκε</em></strong></span> <span class='ocrx_word' id='word_1_270' title='bbox 567 3258 599 3312; x_wconf 79' lang='lat' dir='ltr'><strong><em>in</em></strong></span> <span class='ocrx_word' id='word_1_271' title='bbox 612 3256 634 3310; x_wconf 94' lang='lat' dir='ltr'><strong>P</strong></span> <span class='ocrx_word' id='word_1_272' title='bbox 649 3258 761 3312; x_wconf 77' lang='lat' dir='ltr'><strong><em>seorsim</em></strong></span> <span class='ocrx_word' id='word_1_273' title='bbox 778 3257 890 3312; x_wconf 80' lang='grc' dir='ltr'><strong><em>ιάτκδο.</em></strong></span> <span class='ocrx_word' id='word_1_274' title='bbox 906 3287 940 3297; x_wconf 88' lang='grc'><strong>-</strong></span> <span class='ocrx_word' id='word_1_275' title='bbox 961 3261 993 3310; x_wconf 78' lang='lat'><strong><em>12</em></strong></span> <span class='ocrx_word' id='word_1_276' title='bbox 1012 3255 1061 3310; x_wconf 84' lang='grc' dir='ltr'><strong><em>καλ</em></strong></span> <span class='ocrx_word' id='word_1_277' title='bbox 1080 3256 1111 3310; x_wconf 82' lang='grc' dir='ltr'><strong><em>ἐν</em></strong></span> <span class='ocrx_word' id='word_1_278' title='bbox 1130 3255 1200 3322; x_wconf 81' lang='grc' dir='ltr'><strong><em>ἀλεξ.</em></strong></span> 
     </span>
     <span class='ocr_line' id='line_1_31' title="bbox 191 3323 1203 3400; baseline 0.004 -23"><span class='ocrx_word' id='word_1_279' title='bbox 191 3323 224 3378; x_wconf 77' lang='grc' dir='ltr'><strong><em>δέ</em></strong></span> <span class='ocrx_word' id='word_1_280' title='bbox 242 3323 394 3389; x_wconf 81' lang='grc' dir='ltr'><strong><em>ἐπίσαοπός</em></strong></span> <span class='ocrx_word' id='word_1_281' title='bbox 410 3347 453 3389; x_wconf 88' lang='grc' dir='ltr'><strong><em>τις</em></strong></span> <span class='ocrx_word' id='word_1_282' title='bbox 470 3327 499 3380; x_wconf 93' lang='lat' dir='ltr'><strong><em>P.</em></strong></span> <span class='ocrx_word' id='word_1_283' title='bbox 524 3359 557 3368; x_wconf 92' lang='lat'><strong><em>-·</em></strong></span> <span class='ocrx_word' id='word_1_284' title='bbox 583 3334 617 3381; x_wconf 74' lang='lat'><strong><em>14</em></strong></span> <span class='ocrx_word' id='word_1_285' title='bbox 634 3327 819 3400; x_wconf 80' lang='grc' dir='ltr'><strong><em>καλούμενον]</em></strong></span> <span class='ocrx_word' id='word_1_286' title='bbox 840 3326 956 3398; x_wconf 83' lang='grc' dir='ltr'><strong><em>ὀνόματι</em></strong></span> <span class='ocrx_word' id='word_1_287' title='bbox 974 3326 1144 3381; x_wconf 78' lang='grc' dir='ltr'><strong><em>ΡΜοεολευε.</em></strong></span> <span class='ocrx_word' id='word_1_288' title='bbox 1170 3359 1203 3381; x_wconf 84' lang='grc'><strong><em>-.</em></strong></span> 
     </span>
     <span class='ocr_line' id='line_1_32' title="bbox 193 3395 1203 3470; baseline 0.005 -22"><span class='ocrx_word' id='word_1_289' title='bbox 193 3400 279 3448; x_wconf 80' lang='grc'><strong>16,17</strong></span> <span class='ocrx_word' id='word_1_290' title='bbox 298 3395 369 3461; x_wconf 84' lang='grc' dir='ltr'><strong><em>πρὸς</em></strong></span> <span class='ocrx_word' id='word_1_291' title='bbox 385 3396 437 3466; x_wconf 84' lang='grc' dir='ltr'><strong><em>τὴν</em></strong></span> <span class='ocrx_word' id='word_1_292' title='bbox 451 3395 545 3453; x_wconf 84' lang='grc' dir='ltr'><strong><em>πίστιν</em></strong></span> <span class='ocrx_word' id='word_1_293' title='bbox 564 3407 686 3470; x_wconf 82' lang='grc' dir='ltr'><strong><em>συνεχῶς</em></strong></span> <span class='ocrx_word' id='word_1_294' title='bbox 702 3416 815 3466; x_wconf 88' lang='grc' dir='ltr'><strong><em>προσεκ.</em></strong></span> <span class='ocrx_word' id='word_1_295' title='bbox 831 3399 879 3453; x_wconf 88' lang='grc' dir='ltr'><strong><em>καλ</em></strong></span> <span class='ocrx_word' id='word_1_296' title='bbox 896 3398 932 3452; x_wconf 87' lang='grc' dir='ltr'><strong><em>τά</em></strong></span> <span class='ocrx_word' id='word_1_297' title='bbox 948 3399 1012 3466; x_wconf 76' lang='grc' dir='ltr'><strong><em>περὶ</em></strong></span> <span class='ocrx_word' id='word_1_298' title='bbox 1028 3405 1077 3466; x_wconf 82' lang='grc' dir='ltr'><strong><em>τῆς</em></strong></span> <span class='ocrx_word' id='word_1_299' title='bbox 1090 3397 1132 3460; x_wconf 85' lang='grc' dir='ltr'><strong><em>εἰς</em></strong></span> <span class='ocrx_word' id='word_1_300' title='bbox 1145 3419 1203 3468; x_wconf 90' lang='grc' dir='ltr'><strong><em>χρι-</em></strong></span> 
     </span>
     <span class='ocr_line' id='line_1_33' title="bbox 191 3462 1203 3540; baseline 0.007 -23"><span class='ocrx_word' id='word_1_301' title='bbox 191 3465 257 3518; x_wconf 87' lang='grc' dir='ltr'><strong><em>στδν</em></strong></span> <span class='ocrx_word' id='word_1_302' title='bbox 275 3462 392 3528; x_wconf 87' lang='grc' dir='ltr'><strong><em>πίστεως</em></strong></span> <span class='ocrx_word' id='word_1_303' title='bbox 410 3465 545 3536; x_wconf 79' lang='grc' dir='ltr'><strong><em>διελέγετο</em></strong></span> <span class='ocrx_word' id='word_1_304' title='bbox 563 3469 592 3522; x_wconf 93' lang='grc' dir='ltr'><strong><em>Ρ.</em></strong></span> <span class='ocrx_word' id='word_1_305' title='bbox 614 3501 649 3509; x_wconf 95' lang='grc'><strong>-</strong></span> <span class='ocrx_word' id='word_1_306' title='bbox 674 3474 706 3522; x_wconf 88' lang='grc'><strong><em>18</em></strong></span> <span class='ocrx_word' id='word_1_307' title='bbox 725 3472 834 3540; x_wconf 88' lang='grc' dir='ltr'><strong><em>δυσχερ,</em></strong></span> <span class='ocrx_word' id='word_1_308' title='bbox 850 3469 919 3524; x_wconf 80' lang='grc' dir='ltr'><strong><em>ὥστε</em></strong></span> <span class='ocrx_word' id='word_1_309' title='bbox 940 3469 989 3524; x_wconf 82' lang='grc' dir='ltr'><strong><em>καὶ</em></strong></span> <span class='ocrx_word' id='word_1_310' title='bbox 1008 3469 1097 3524; x_wconf 77' lang='grc' dir='ltr'><strong><em>εἰπεῖν</em></strong></span> <span class='ocrx_word' id='word_1_311' title='bbox 1117 3469 1203 3524; x_wconf 79' lang='grc' dir='ltr'><strong><em>αδτδν</em></strong></span> 
     </span>
    </p>
   </div>
   <div class='ocr_carea' id='block_1_6' title="bbox 192 3534 1202 3673">
    <p class='ocr_par' dir='ltr' id='par_1_11' title="bbox 192 3534 1202 3673">
     <span class='ocr_line' id='line_1_34' title="bbox 192 3534 1202 3673; baseline 0.007 -86"><span class='ocrx_word' id='word_1_312' title='bbox 192 3535 259 3658; x_wconf 44' lang='lat' dir='ltr'><strong><em>{op</em></strong></span> <span class='ocrx_word' id='word_1_313' title='bbox 268 3534 373 3673; x_wconf 55' lang='grc' dir='ltr'><strong><em>ἀχλιρρολι.</em></strong></span> <span class='ocrx_word' id='word_1_314' title='bbox 389 3568 423 3576; x_wconf 90' lang='grc'><strong>-</strong></span> <span class='ocrx_word' id='word_1_315' title='bbox 443 3544 475 3591; x_wconf 78' lang='grc'><strong><em>21</em></strong></span> <span class='ocrx_word' id='word_1_316' title='bbox 494 3547 550 3592; x_wconf 81' lang='grc' dir='ltr'><strong><em>τῶν</em></strong></span> <span class='ocrx_word' id='word_1_317' title='bbox 568 3539 703 3608; x_wconf 86' lang='grc' dir='ltr'><strong><em>σωμάτων</em></strong></span> <span class='ocrx_word' id='word_1_318' title='bbox 718 3541 824 3594; x_wconf 75' lang='grc' dir='ltr'><strong><em>τούτων</em></strong></span> <span class='ocrx_word' id='word_1_319' title='bbox 838 3541 861 3594; x_wconf 92' lang='grc' dir='ltr'>Ρ</span> <span class='ocrx_word' id='word_1_320' title='bbox 880 3540 920 3612; x_wconf 88' lang='grc' dir='ltr'><strong><em>(ἐν</em></strong></span> <span class='ocrx_word' id='word_1_321' title='bbox 934 3540 1023 3613; x_wconf 84' lang='grc' dir='ltr'><strong><em>τοότῳ</em></strong></span> <span class='ocrx_word' id='word_1_322' title='bbox 1040 3543 1078 3612; x_wconf 75' lang='grc' dir='ltr'><strong><em>τῷ</em></strong></span> <span class='ocrx_word' id='word_1_323' title='bbox 1098 3541 1202 3610; x_wconf 81' lang='grc' dir='ltr'><strong><em>σώματι</em></strong></span> 
     </span>
     <span class='ocr_line' id='line_1_35' title="bbox 241 3621 341 3658; baseline 0 0"><span class='ocrx_word' id='word_1_324' title='bbox 241 3621 270 3658; x_wconf 79' lang='grc' dir='ltr'><strong><em>σε</em></strong></span> <span class='ocrx_word' id='word_1_325' title='bbox 311 3622 341 3658; x_wconf 86' lang='lat' dir='ltr'><strong><em>s.</em></strong></span> 
     </span>
    </p>
   </div>
   <div class='ocr_carea' id='block_1_7' title="bbox 0 0 1314 3909">
    <p class='ocr_par' dir='ltr' id='par_1_12' title="bbox 0 0 1314 3909">
     <span class='ocr_line' id='line_1_36' title="bbox 0 0 1314 3909; baseline 0 3"><span class='ocrx_word' id='word_1_326' title='bbox 0 0 1314 3909; x_wconf 95' lang='lat' dir='ltr'><strong><em> </em></strong></span> 
     </span>
    </p>
   </div>
  </div>
 </body>
</html>
