2617 3909
523 232 712 283 ΧΡουιΚοα
1066 229 1126 294 771

106 377 192 457 θέμα
216 388 276 439 τῶν
294 377 478 439 ἀνατολικῶν
501 377 648 459 γενέσθαι.
691 379 722 439 οῖ
739 377 770 440 δὲ
789 378 929 452 συνόντες
952 378 1030 461 αύτῷ
1051 401 1129 460 μεγι-

107 478 217 549 στάνες
239 475 432 556 ὑφορώμενοι
453 477 508 555 τήν
531 475 729 537 ἐπανάστασιν
752 486 804 538 τοῦ
828 481 901 537 λαοῦ
929 476 978 538 καὶ
1001 475 1056 554 τήν
1078 486 1130 555 τής

106 575 226 648 πόλεως
253 574 395 656 σύγχυσιν
422 575 583 635 πείθουσιν
615 573 707 636 αὐτὸν
740 573 789 635 διὰ
815 574 1026 656 παρακλήσεως
1055 573 1129 636 ύπο-

108 671 239 754 στρέψαι
260 673 350 733 πάλιν
373 670 405 732 ἐν
428 681 463 756 τῇ
487 673 577 735 πόλει.
623 671 673 733 καί
701 672 739 751 δή
767 673 1008 754 παραγενόμενον
1036 672 1068 734 ἐν
1094 679 1183 756 τῷῢῖθ
1197 686 1228 726 Μ-

107 772 259 856 παλατίιμ,
293 769 343 830 καί
371 780 424 850 της
452 770 561 850 μητρὸς
593 771 686 831 αὐτοῦ
715 769 755 849 μή
783 771 936 851 παρούσης
969 770 1039 849 μήτε
1071 769 1130 850 μήν
1158 793 1170 833 σ

106 869 318 950 γινωσκούσης
346 869 401 948 τήν
429 867 544 948 βουλήν
572 868 686 948 αὐτῶν,
719 868 916 945 ἐκτυφλοῦσιν
946 867 1051 948 αὐτόν,
1081 866 1131 929 καί

107 966 183 1046 μετὰ
207 968 315 1049 χρόνον
339 965 405 1026 τινὰ
427 965 581 1045 τέθνηκεν.

418 1141 485 1225 [α.
519 1144 608 1225 σευ
635 1140 822 1226 ειεινιςι

180 1268 271 1332 Μετὰ
302 1268 335 1331 δὲ
361 1273 592 1330 Κωνσταντῖνον
624 1268 810 1350 ἐβασίλευσεν
837 1269 957 1352 Εἰρήνη
986 1267 1006 1349 ή
1036 1271 1130 1349 μήτηρ

107 1369 207 1429 αὐτοῦ
226 1367 304 1446 μόνη
322 1367 372 1446 ἐτη
391 1365 426 1429 ε’,
467 1362 517 1446 ἐφ’
533 1360 571 1446 ής
587 1369 774 1449 νεωτερισταί
789 1391 877 1446 τινες,
895 1367 1130 1448 φρουρουμένων
1144 1388 1254 1432 wem.

107 1476 171 1527 τῶν
200 1467 278 1526 υίῶν
305 1475 358 1526 τοῦ
385 1466 537 1545 θεομάχου
568 1464 618 1525 καί
645 1466 847 1548 κοπρωνύμου
877 1465 909 1527 ἐν
937 1468 975 1549 τῷ
1000 1467 1130 1550 παλατίῳ

107 1574 170 1625 τῶν
207 1563 371 1644 Θεραπείας
404 1565 634 1624 Κωνσταντίνου
671 1562 721 1624 καὶ
756 1564 954 1646 Νικηφόρον,
990 1565 1131 1624 πείθουσι

108 1666 300 1744 προσφυγεῖν
317 1670 352 1745 τῇ
372 1661 482 1745 μεγάλη
500 1661 640 1746 ἐκκλησίᾳ
660 1661 710 1722 καὶ
731 1662 820 1742 λόγον
838 1660 987 1734 ἀπαθείας
1005 1662 1130 1740 αἰτήσαι.

107 1759 162 1822 καί
189 1768 227 1844 τῇ
250 1760 396 1838 προφάσει
423 1760 515 1843 ταύτη
545 1757 585 1832 ὡς
612 1761 742 1839 βασιλεῖς
769 1759 878 1832 αύτούς
905 1758 1131 1838 εύφημήσαντες

108 1857 162 1920 καὶ
186 1857 259 1919 λαὸν
282 1857 377 1918 πολύν
400 1858 644 1939 συγκινήσαντες,
673 1858 767 1940 ἐξάγει
790 1859 913 1931 τούτους
936 1857 1053 1937 Εἰρήνη
1078 1867 1130 1936 τής
1146 1879 1170 1918 ιε

109 1957 269 2035 ἐκκλησίας
291 1954 341 2016 καί
360 1956 488 2034 μηδενὸς
506 1956 608 2029 αὐτοῖς
626 1956 804 2035 προσγύυτος
823 1955 959 2038 ἐξώρισεν
980 1956 1022 2028 είς
1038 1949 1129 2034 Ἀθή-

109 2079 175 2128 νας.
214 2052 268 2127 οὓς
291 2054 329 2133 δή
348 2052 465 2116 κάκεῖσέ
482 2077 559 2126 τινες
581 2053 780 2134 ἀναγορεῦσαι
803 2051 1012 2134 βουληθέντες,
1035 2052 1129 2124 ἐξετύ-

110 2159 213 2229 φλωσε
236 2152 287 2212 καί
308 2151 341 2212 τὸ
360 2152 495 2232 πονηρὸν
517 2161 571 2212 τοῦ
589 2158 773 2232 θεοστυγοῦς
796 2149 918 2229 ἐξέκοψε
941 2149 1055 2232 σπέρμα
1078 2159 1131 2210 τοῦ

111 2248 217 2330 μηκέτι
236 2249 401 2330 βασιλεύειν
424 2249 474 2310 καὶ
492 2255 649 2330 τυραννεῖν
668 2248 717 2310 καὶ
736 2249 791 2328 τήν
809 2249 967 2327 ἐκκλησίαν
984 2257 1037 2309 τοῦ
1056 2254 1131 2308 θεοῦ

111 2350 242 2410 διώκειν.
287 2341 349 2408 είτα
380 2348 455 2430 πρὸς
486 2348 519 2410 τὸ
532 2406 535 2411 ⁴
550 2348 694 2408 παλάτιον
726 2345 916 2425 ἀπελθούσης
948 2345 1041 2425 αύτής
1072 2355 1131 2406 τῶν
1146 2369 1171 2406 ιο

109 2443 320 2528 Ἐλευθερίου,
343 2444 522 2527 Νικηφόρος
545 2444 562 2506 ύ
584 2447 738 2526 πατρίκιος
761 2445 810 2506 καί
832 2445 949 2526 γενικὸς
972 2442 1132 2524 λογοθέτης

112 2545 225 2625 ἔρχεται
252 2543 309 2606 σύν
336 2549 398 2616 τοῖς
423 2541 590 2625 ὅμόφροσιν
617 2542 711 2604 αὐτοῦ
738 2542 846 2615 νυκτὸς
872 2542 915 2616 εἰς
941 2542 996 2621 τήν
1021 2547 1132 2622 χαλκῆν

113 2643 215 2721 πύλην
241 2651 295 2703 τού
317 2643 476 2721 παλατίον,
507 2640 557 2702 καί
587 2639 627 2714 ὡς
655 2642 751 2719 (λῆθεν
778 2639 858 2722 παρά
885 2650 938 2720 τῆς
960 2641 1132 2720 βασιλίσσης
1145 2662 1184 2703 οτι
1197 2661 1228 2701 ω.

113 2739 266 2818 πεμφθείς
289 2739 445 2820 εἰσέρχεται
468 2739 539 2819 μετὰ
561 2740 725 2817 λαμπάδων
752 2737 802 2799 καί
831 2738 930 2799 ὅπλων
956 2738 997 2811 εἰς
1019 2737 1051 2798 τὸ
1074 2759 1131 2798 πα-

189 2943 292 2991 ιο-ιι
308 2939 342 3006 ef.
354 2937 478 3006 Theoph.
489 2956 518 3007 p.
530 2943 591 3003 ιιι,
603 2944 644 2990 11.
660 2969 694 2977 --
711 2943 742 2990 ιτ
758 2937 792 3004 ef.
808 2935 933 3006 Theoph.
947 2954 974 3004 γ.
986 2941 1047 3003 ιιι,
1059 2942 1081 2989 1.
1098 2968 1130 2976 -

115 3014 223 3079 20-p.
240 3014 301 3076 772,
316 3016 332 3062 4
351 3010 385 3077 cf.
401 3008 525 3078 Theoph.
538 3027 567 3077 μ,
583 3015 644 3076 476,
660 3014 683 3061 3.

189 3195 202 3241 1
218 3185 430 3256 παραγενέσθαι
445 3187 527 3257 Bm).
543 3219 578 3228 -
596 3193 613 3239 4
628 3185 859 3255 παραγενόμενον
873 3185 955 3239 BDE
974 3205 1131 3256 παραγενο-

116 3257 207 3325 μένων
220 3260 246 3312 Α
264 3257 495 3328 παραγενομένου
509 3259 560 3312 RV
577 3255 804 3328 παραγενόμενος
822 3256 946 3328 (άμενος
960 3257 1000 3327 Μ)
1014 3257 1077 3312 OM.
1098 3288 1131 3297 —

117 3334 133 3381 ὁ
152 3331 207 3399 μήν
225 3349 275 3385 αντ.
291 3329 349 3383 RV.
369 3362 402 3370 —
423 3336 439 3383 9
459 3331 534 3401 ἐβασ.
550 3328 620 3398 μόνη
640 3329 658 3397 ή
677 3328 764 3398 μήτηρ
784 3330 871 3382 αὐτοῦ
891 3332 951 3396 (om.
964 3328 1082 3397 Εἰρήνη)
1096 3328 1130 3381 Ν.

116 3430 151 3438 -
170 3401 188 3470 ή
206 3401 295 3472 μήτηρ
317 3403 403 3456 αὐτοῦ
427 3418 477 3456 om.
498 3401 530 3454 A.
559 3400 646 3469 ήονι.
668 3401 697 3454 B.
722 3433 754 3440 -
782 3407 814 3454 12
832 3397 976 3468 θεραπίας
995 3399 1077 3454 ΑΟΕ,
1097 3430 1132 3438 -

118 3476 151 3522 15
170 3472 188 3540 ἡ
207 3473 302 3542 είρήνη
321 3473 387 3526 ΕΜ.
403 3504 436 3512 -
457 3479 488 3526 17
509 3472 703 3539 ἐξετύφλωσαν
720 3471 787 3527 MR.
806 3503 839 3512 -
859 3476 945 3525 20.21
965 3481 1020 3525 τῶν
1040 3471 1130 3525 ἐλενθ.

117 3541 295 3612 ἀπελθούσης
313 3546 400 3613 αὐτῆς
413 3544 447 3597 Ν.
465 3576 496 3582 -
517 3549 551 3597 20
570 3552 626 3599 τῶν
645 3540 813 3610 ἐλευθερίων
827 3541 939 3596 OERV.
957 3575 991 3583 -
1011 3548 1045 3596 24
1063 3560 1131 3609 πεμ-

118 3616 204 3679 φθείς
221 3615 343 3670 ABExc.
360 3616 394 3669 de
409 3615 492 3669 insid.
516 3616 683 3676 ἀποσταλεὶς
700 3614 760 3669 rell.
