2617 3909
184 240 251 305 594
499 240 685 291 νοοειτοτ
703 239 885 291 υοαλκοτ

182 391 252 452 κίαν
279 387 447 469 ἀφηνίασεν
478 383 531 450 ἀπ’
557 388 650 449 αὐτοῦ
681 385 732 447 καί
762 386 821 448 ύπὸ
848 387 998 449 Μελετίου
1022 380 1202 467 Ἀντιοχείας

183 486 358 569 βαπτισθεὶς
386 485 436 547 καί
462 483 682 567 χειροτονηθείς
712 483 904 565 ἀναχνάστης
935 483 986 545 καί
1017 486 1204 566 παραμείνας

183 596 219 671 τῇ
252 585 391 669 ἐκκλησίᾳ
424 584 473 663 ἔτη
499 578 536 665 ’χ’
564 581 615 645 καί
646 581 840 663 ἀναχωρήσας
875 580 993 661 ἀπῆλθε
1028 581 1103 664 πρός
1134 606 1204 643 τινα

184 684 315 765 μοναχὸν
337 681 388 743 καὶ
410 678 579 764 ἡγούμενον
601 678 734 758 τούνομα
753 679 927 763 Καρτέριον,
949 678 1000 741 καί
1021 682 1203 760 προσμείνας

158 782 264 865 εαύτῷ
290 780 340 859 έτη
373 776 405 840 δ’
427 780 538 861 γίνεται
569 773 623 839 ὑπ’
651 776 745 839 αύτού
776 778 919 859 μοναχός,
950 776 1001 839 καὶ
1031 776 1084 851 τὰς
1114 779 1203 852 θείας

182 878 302 960 γραφὰς
324 871 377 938 ὑπ’
398 876 492 939 αύτοῦ
514 875 690 949 παιδευθείς
716 874 767 937 καί
794 886 847 955 τῆς
869 884 1031 956 μοναχικης
1054 878 1203 950 πολιτείας

184 976 240 1056 τὴν
268 975 422 1059 ἀκρίβειαν
449 974 557 1057 χρόνον
583 973 650 1035 τινὰ
677 973 862 1057 ἀνεχώρησεν
888 973 922 1035 ἐν
947 975 1081 1059 σπηλαίῳ
1110 973 1203 1053 μόνος

185 1074 235 1152 έτη
267 1069 301 1155 β’
321 1079 431 1136 ποθῶν
463 1072 518 1152 τὴν
549 1068 684 1153 ἡσυχίαν.
731 1071 771 1151 μὴ
803 1070 961 1134 ἀναπεσὼν
992 1069 1024 1132 δὲ
1060 1072 1112 1134 τὸν
1148 1081 1203 1151 τῆς

185 1173 294 1246 διετίας
322 1171 429 1253 χρόνον
459 1171 501 1251 μη
528 1171 644 1253 νύκτωρ
673 1169 715 1249 μὴ
743 1164 812 1249 μεθ’
838 1167 952 1251 ἡμέραν
979 1179 1135 1251 νεκροῦται
1167 1168 1205 1230 τὰ

146 1293 172 1333 ιο
185 1269 244 1333 ύττδ
272 1268 398 1351 γαστέρα
425 1268 546 1351 πληγείς
575 1267 633 1331 ἀπὸ
662 1268 774 1349 κρύους
800 1266 852 1340 τάς
877 1266 945 1350 περί
975 1267 1045 1341 τοὺς
1071 1267 1204 1349 νεφρούς

185 1370 335 1448 δυνάμεις.
382 1367 438 1431 ούκ
460 1368 597 1449 ἐπαρκῶν
624 1364 658 1430 δὲ
679 1365 773 1449 ἑαυτῷ
792 1366 979 1447 χρησιμεύειν
1000 1366 1090 1427 πάλιν
1113 1389 1204 1427 κατα-

185 1468 328 1547 λαμβάνει
355 1465 411 1545 τδχν
433 1465 592 1544 ἐκκλησίαν
623 1464 656 1527 ἐκ
684 1465 770 1537 θείας
797 1464 985 1545 προμηθείας
1014 1464 1057 1537 είς
1084 1468 1204 1525 πολλῶν

185 1565 342 1645 σωτηρίαν.
379 1562 519 1625 ἐντεῦθεν
537 1568 742 1644 χειροτονεῖται
760 1561 900 1634 διάκονος
919 1560 970 1623 διὰ
986 1570 1039 1623 τοῦ
1053 1563 1204 1624 Μελετίου

185 1661 373 1742 ὑπηρετήσας
395 1668 433 1745 τῷ
448 1662 653 1746 θυσιαστηρίῳ
676 1661 741 1741 τρία
762 1658 813 1721 καί
836 1660 892 1722 δύο
915 1658 974 1738 ἔτη.
1015 1656 1076 1738 ᾔδη
1095 1656 1127 1721 δὲ
1149 1669 1204 1739 της

147 1780 172 1821 ει
186 1760 397 1839 διδασκαλικῆς
418 1758 511 1820 αὐτοῦ
529 1757 635 1839 ἀρετῆς
653 1758 878 1836 διαλαμπούσης
895 1757 1091 1838 πρεσβύτερος
1108 1780 1206 1839 χειρο·

87 1882 126 1921 εει
141 1878 172 1919 M.
185 1862 311 1919 τονεῖται
337 1855 387 1917 διὰ
413 1857 586 1935 Φλαβιανού
613 1864 666 1917 τοῦ
688 1853 852 1917 ἐπισκόπου
878 1854 928 1915 καί
951 1852 1119 1936 διαπρέψας
1141 1854 1205 1935 τρίς

186 1953 310 2036 τέσσαρα
341 1954 390 2033 έτη
422 1954 455 2015 ἐν
486 1962 521 2039 τῇ
555 1962 614 2015 τῶν
634 1949 805 2033 Ἀντιοχέων
836 1953 975 2037 έκκλησίῳ
1005 1950 1205 2031 ἀποσεμνύνει

186 2052 219 2115 τὸ
242 2052 332 2115 ἐκεῖσε
355 2052 497 2134 ίερατεῐου
523 2054 563 2136 τῷ
582 2053 638 2136 βίῳ
665 2060 719 2130 τῆς
741 2048 900 2131 ἀκριβείας.
944 2042 985 2129 ἦν
1012 2047 1045 2112 δὲ
1072 2048 1204 2130 ἀσικχτὴς

186 2148 284 2234 ἀκρως
305 2150 356 2213 καί
378 2150 607 2231 πολυάχρυπνος
628 2148 680 2211 καί
698 2148 862 2229 φιλήσυχος
884 2150 951 2209 λίαν
974 2146 1024 2209 καὶ
1044 2147 1095 2209 διὰ
1113 2151 1203 2228 ζῆλον

148 2272 174 2311 εο
187 2250 387 2331 σωφροσύνης
409 2246 647 2332 ἀπαρρησίαστος
669 2246 720 2308 καί
737 2245 897 2330 ἀκράχολος
917 2245 968 2307 καί
986 2248 1076 2325 θυμῳ
1091 2251 1204 2324 μᾶλλον

187 2346 208 2428 ἢ
236 2347 320 2408 αἰδοῖ
342 2346 482 2427 ἐχαρίζετο
511 2345 561 2407 καί
588 2345 834 2429 ἕλευθεροστομίῳ
860 2343 935 2425 πρὸς
966 2343 1036 2417 τοὺς
1064 2343 1205 2426 ἐντυγχά-

188 2467 294 2517 νοντας
320 2442 451 2525 ἀμέτρως
477 2441 626 2524 ἐκέχρητο,
653 2441 704 2503 καὶ
731 2442 763 2504 έν
791 2439 846 2521 μὲν
872 2448 912 2526 τῷ
932 2442 1083 2503 διδάσκειν
1110 2443 1205 2516 πολὺς

188 2534 227 2621 ἧν
254 2540 328 2624 πρὸς
356 2538 515 2620 ἀφέλειαν,
548 2539 580 2602 ἕν
608 2538 639 2601 δὲ
667 2546 733 2614 ταῖς
759 2542 929 2621 συντυχίαις
960 2538 1132 2613 ἀλαζονικός
1159 2564 1205 2615 τις

261 2734 365 2797 19-μ.
382 2733 473 2797 595‚4
491 2729 528 2795 cf.
543 2728 648 2784 Socrat.
663 2728 735 2783 Hist.
751 2729 818 2784 εοοΙ.
833 2729 880 2797 VI,
895 2730 984 2797 Βρύκη
998 2730 1087 2784 λέκτο.

262 2889 344 2944 λκαί
363 2906 413 2945 om.
430 2888 465 2943 N.
489 2921 524 2929 -
548 2894 563 2942 7
582 2886 668 2959 μόνος
691 2888 722 2945 έν
745 2888 870 2964 σπηλαίῳ
888 2889 918 2943 Μ
941 2888 1028 2958 μόνος
1045 2906 1095 2944 om.
1114 2889 1148 2942 D.
1168 2921 1205 2929 -

190 2968 205 3015 9
225 2958 382 3023 διαιτίαςΟ
401 2958 574 3024 διαιτείαςΕ
593 2958 703 3031 διαίτης
716 2961 749 3014 D.
765 2967 830 3016 -9
849 2961 884 3015 τὰ
902 2961 958 3015 ύπδ
976 2960 1028 3029 τὴν
1046 2959 1204 3031 χαστέραΡ

189 3032 224 3087 τδι
242 3031 416 3103 ὑπογάστρια
435 3033 467 3086 R.
493 3062 526 3071 -
552 3038 585 3085 10
603 3032 674 3157 dubl}
692 3033 748 3087 ύπδ
766 3032 854 3087 BRV.
878 3065 911 3073 -
934 3032 1039 3100 κρύους
1055 3032 1132 3085 ΑΒΡ
1153 3041 1205 3088 τοῦ

189 3104 293 3171 κρύους
310 3102 371 3157 rell.
387 3102 457 3157 Pall.
473 3134 508 3142 -
526 3102 638 3165 καὶτὰς
673 3103 706 3158 R.
722 3135 755 3144 —
776 3110 809 3157 13
827 3111 878 3159 τοῦ
897 3120 947 3159 om.
963 3102 1018 3157 01⁴³.
1034 3135 1067 3143 —
1086 3108 1119 3157 16
1138 3104 1206 3174 βλα-

191 3176 292 3245 βιανου
306 3175 336 3227 Μ
354 3180 379 3229 ει
396 3190 467 3229 rece.
481 3174 617 3243 plerique.
632 3206 666 3215 -
685 3184 760 3243 τρεῖς
773 3174 832 3228 ΕΜ
850 3192 900 3230 om.
915 3174 996 3229 cm.
1011 3206 1047 3215 —
1067 3179 1099 3228 19
1118 3174 1206 3242 ἄκρος

190 3246 268 3299 FMV
299 3246 338 3309 είς
365 3244 457 3313 ἄκρως
482 3262 554 3300 rece.
581 3245 699 3316 quidam
726 3246 766 3308 είς
793 3245 881 3315 ἀκρον
907 3262 979 3301 rece.
1005 3246 1142 3315 plerique.
1170 3278 1205 3287 -

191 3322 225 3371 20
249 3314 487 3386 εύπαρρησίαστος
509 3317 587 3370 BFN
597 3317 674 3372 Suid.
698 3335 721 3373 υ.
742 3313 875 3387 Ἰωάννης
903 3316 918 3371 δ
941 3316 1143 3387 Χρυσόστομος.
1170 3350 1206 3356 -

191 3393 225 3440 22
244 3384 401 3456 ἀμέτροεθ
425 3387 532 3461 ἀμέτρῳ
551 3388 610 3441 RV.

192 3618 210 3671 S
264 3552 298 3687 30
317 3545 420 3615 ἀπαρρ.
435 3545 588 3619 ἀκρόχολύς
605 3564 634 3601 τε
658 3547 706 3600 καί
724 3546 890 3616 πικρότατος
912 3548 962 3602 καί
979 3548 1002 3601 Ρ
1024 3544 1199 3618 (πικρότερος

212 3634 266 3673 001¹.
280 3658 287 3673 ε
