2617 3909
540 263 741 316 Χεοαιαοα
1065 239 1137 328 ¹433

126 408 144 470 ό
169 408 258 489 μέγας
282 410 413 471 διδάσκει
433 411 590 491 Ζαχαρίας,
612 411 669 490 τὴν
686 412 845 473 Χαλδαίων
867 410 917 473 καί
939 411 994 490 τὴν
1013 416 1138 493 Περσῶν

127 505 178 565 καὶ
200 506 256 585 την
279 507 468 569 Μακεδόνων
495 507 545 569 καί
568 508 623 587 τὴν
642 501 805 586 Ῥωμαίων,
833 508 868 569 τὰ
891 508 923 570 δέ
946 510 1001 571 δόο
1024 508 1080 591 όρη
1101 511 1137 572 τὰ

128 604 185 664 δόο
207 605 331 684 κλίματα
353 614 406 685 τῆς
429 604 605 684 οἰκουμένης
628 606 729 686 φησίν.
775 606 818 679 είς
840 607 895 669 δόο
918 607 973 689 γὰρ
995 606 1136 687 τέμνεται,

126 700 170 775 εἰς
194 697 295 763 Ἀσίαν
322 725 351 763 τε
378 701 428 763 καὶ
450 702 611 784 Εὐρώπην.
657 702 707 765 καὶ
735 705 766 766 οἱ
791 702 844 783 μὲν
875 705 965 787 πυροὶ
992 706 1078 768 ἵπποι
1103 705 1136 767 τὸ

125 800 289 879 μιαιφόνον
317 810 376 861 τῶν
398 802 557 863 Χαλδαίων
585 804 796 881 σημαίνουσιν,
825 804 858 864 οἱ
882 802 914 865 δέ
942 803 1062 882 μέλανες
1084 803 1135 865 τὸν
1163 825 1176 865 ε

123 896 320 978 ἐπενεχθέντα
351 898 431 980 παρὰ
458 902 583 981 Περσῶν
614 898 664 960 καὶ
694 900 816 979 Μήδων
846 907 908 976 τοῖς
934 904 1136 982 Βαβυλωνίοις

123 996 271 1076 θάνατον,
294 998 326 1057 οἱ
346 994 378 1058 δὲ
400 996 498 1058 λευκοί
520 998 553 1059 τὸ
577 996 670 1076 σαφὲς
691 1008 744 1078 τῆς
763 999 853 1077 δόξης
869 1008 929 1059 τῶν
947 1000 1135 1063 Μακεδόνων

123 1088 178 1176 (οὐ
201 1092 256 1175 γὰρ
280 1094 376 1176 ὥσπερ
400 1095 434 1155 αἱ
452 1092 537 1155 άλλαι
559 1095 704 1175 βασιλεῖαι
726 1095 776 1156 καὶ
798 1090 906 1179 αὕτη),
935 1099 967 1159 οί
987 1096 1019 1159 δέ
1041 1097 1135 1179 ψαροὶ

123 1190 176 1252 καὶ
199 1193 327 1253 ποικίλοι
349 1192 382 1255 ιδ
405 1192 525 1274 ι’σχυρδν
547 1191 597 1253 καί
614 1190 737 1254 εὔτονον
754 1203 807 1273 τῆς
819 1189 970 1274 Ῥωμαίων
988 1197 1136 1276 βασιλείας

123 1290 276 1367 δηλοῦσιν.
322 1289 422 1369 ἐπειδὴ
456 1288 488 1351 δέ
519 1291 778 1372 κατεστρατεόοντο
805 1292 913 1370 Μῆδοι
944 1292 995 1353 καί
1022 1292 1135 1373 Πέρσαι
1149 1315 1175 1353 ιο

122 1386 199 1447 κατὰ
225 1388 440 1467 Βαβυλωνίων,
471 1388 578 1449 τούτου
609 1387 694 1469 χάριν
720 1388 915 1470 πορευόμενοι
942 1389 992 1451 καὶ
1019 1391 1056 1469 δὴ
1085 1390 1135 1451 καὶ

122 1482 295 1546 ἀναπαῦσαι
322 1484 454 1567 λέγονται
480 1486 532 1547 τὸν
558 1486 661 1565 θυμὸν
687 1487 801 1567 κυρίου.
846 1486 908 1548 ἐπεὶ
935 1487 991 1569 χόιρ
1013 1487 1135 1568 σκληροὶ

121 1582 260 1662 γεγόνασι
282 1582 356 1643 κατὰ
377 1592 431 1644 τοῦ
453 1588 526 1645 λαοῦ
548 1592 601 1645 τοῦ
623 1589 714 1663 θεοῦ,
742 1584 792 1645 διὰ
814 1594 900 1647 τοῦτο
922 1586 1135 1667 παρεδόθησαν

121 1680 166 1751 εἰς
194 1685 291 1761 χεῖρας
317 1681 423 1762 Κόρου
454 1690 506 1742 τοῦ
534 1679 661 1761 Πέρσου.
710 1683 743 1745 τὸ
775 1679 807 1744 δέ
836 1682 887 1744 καὶ
914 1683 984 1757 τοὺς
1010 1684 1134 1757 λευκοὺς

121 1777 248 1856 ἵππους,
271 1774 349 1839 τοῦτ’
370 1778 430 1839 έστι
452 1778 521 1852 τοῦς
544 1779 741 1859 Μακεδόνας,
762 1779 943 1843 κατόπισθεν
965 1790 1024 1842 νῦν
1047 1787 1133 1860 μελα-
1148 1804 1173 1843 τε

120 1884 186 1935 νῶν
208 1875 388 1957 πορεύεσθαι
410 1877 561 1955 σημαίνει,
589 1874 629 1949 όος
655 1876 706 1938 καί
728 1878 761 1939 οἱ
780 1879 956 1952 Μακεδόνες
978 1879 1033 1959 την
1055 1883 1133 1960 Περ

121 1981 185 2033 σῶν
211 1974 361 2052 βασιλείαν
386 1974 588 2054 χειράσονται,
617 1974 650 2037 τὸ
679 1972 711 2036 δέ
737 1975 807 2048 τοὺς
834 1976 952 2057 ψαροῦς
975 1975 1024 2037 έπλ
1044 1977 1133 2038 νότον

120 2070 259 2152 έρχεσθαι
286 2073 386 2150 δηλοῖ,
415 2070 455 2146 ὣς
482 2070 602 2152 ἔμελλον
626 2066 761 2152 Ῥωμαῖοι
789 2075 954 2155 στρατεύειν
980 2075 1054 2135 κατὰ
1080 2085 1133 2155 τῆς

115 2163 319 2248 Ἰερουσαλήμ
348 2168 381 2231 έν
403 2169 458 2250 χόιρ
480 2177 519 2254 τῷ
538 2170 614 2254 νότῳ
636 2176 729 2232 κεῖται
750 2168 770 2249 ἡ
793 2169 886 2244 πόλις.
931 2171 964 2232 τὸ
986 2170 1019 2233 δέ
1041 2190 1132 2254 προσ-

120 2265 282 2345 ταχθέντας
309 2266 417 2341 αότοός
444 2268 631 2350 περιοδεῦσαι
652 2267 708 2346 τὴν
730 2277 787 2349 γῆν
810 2268 941 2329 διδάσκει
963 2268 1067 2349 πάλιν,
1090 2268 1130 2344 ὡς
1143 2291 1170 2330 εο
1184 2291 1265 2333 mm.

121 2363 172 2425 διὰ
194 2372 248 2425 τοῦ
270 2370 345 2425 θεοῦ
367 2375 447 2426 πάσα
469 2366 601 2446 βασιλεία
624 2366 801 2427 συνίσταται.

189 2463 328 2523 Γίνονται
364 2454 420 2523 σόν
451 2462 510 2523 άπὸ
543 2460 596 2542 μέν
628 2472 682 2524 τοῦ
710 2459 803 2543 ’Λδόιμ
834 2462 889 2537 ἕως
925 2475 977 2545 τῆς
1011 2464 1131 2545 έσχάτης

120 2557 255 2634 ἁλώσεως
290 2569 343 2640 τῆς
368 2554 560 2643 Ἰερουσαλὴμ
592 2560 641 2640 έτη
669 2559 773 2643 ,εσξβ’,
805 2560 864 2624 ἀπὸ
904 2560 936 2623 δέ
968 2572 1020 2642 τῆς
1050 2564 1131 2645 πρό-

120 2680 174 2735 της
205 2656 366 2737 οἰκοδομαῖς
397 2667 450 2719 τοῦ
480 2659 704 2738 Σολομωντείον
739 2668 815 2720 ναοῦ
848 2658 899 2720 καὶ
934 2670 986 2740 τῆς
1019 2660 1132 2735 πόλεως

119 2751 220 2834 ,απη’,
248 2753 306 2817 άπὸ
335 2752 366 2815 δὲ
393 2765 446 2835 τῆς
473 2754 609 2837 δευτέρας
636 2756 796 2837 οἰκοδομῆς
819 2755 905 2836 μοῦς’,
932 2757 991 2819 άπὸ
1019 2756 1051 2819 δέ
1078 2769 1170 2839 τῆςεε

119 2851 194 2913 κατὰ
218 2847 368 2932 Ἀντίοχον
399 2855 568 2935 πολιορκίας
601 2851 684 2933 σμη’,
715 2852 775 2915 άπὸ
806 2852 839 2915 δέ
870 2864 923 2933 τῆς
953 2854 1130 2934 ἀναλήψεως

119 2954 250 3031 Χριστοῦ
269 2950 310 3030 μβ
316 2946 333 3008 ’.

193 3145 209 3191 3
227 3138 352 3208 κλήματα
375 3140 453 3193 codd.
469 3148 579 3209 praeter
600 3140 681 3194 DEV
699 3148 725 3196 et
745 3157 815 3195 rece.
854 3140 978 3194 uosdam.
1002 3171 1038 3181 -
1060 3145 1077 3192 4
1100 3160 1130 3195 τε

116 3227 171 3265 om.
191 3210 251 3263 AN.
271 3242 304 3249 -
327 3212 430 3278 πυρροί
447 3210 500 3264 ΕΙι.
520 3244 554 3251 -
579 3217 612 3265 10
634 3214 721 3281 μηδοι
742 3213 791 3266 καί
812 3159 914 3280 πέρσαι
931 3211 1006 3264 ABP
1028 3209 1130 3280 πέρσαι

118 3282 168 3335 καί
186 3284 270 3351 μῆδοι
288 3280 348 3336 rell.
373 3314 406 3323 -
430 3288 462 3337 11
482 3283 530 3337 καί
553 3284 588 3353 δὴ
611 3284 662 3337 καὶ
679 3283 842 3337 ἀναπαῦσαι
859 3282 933 3336 APV
955 3281 1130 3352 (ἀνέπαυσαν

119 3352 213 3421 Ζωυλε.)
236 3352 285 3406 καί
308 3354 502 3408 διαναπαῦσαι
522 3354 581 3409 rell.
606 3386 639 3394 -
664 3359 697 3408 12
715 3352 843 3424 λέγονται
860 3354 905 3407 FP
926 3353 1051 3424 λέγοντες
1068 3353 1128 3407 rell.

118 3456 153 3463 —
173 3423 270 3493 ἐπειδὴ
286 3424 344 3478 BF.
360 3456 393 3465 -
413 3430 446 3479 23
464 3434 513 3495 τῆς
531 3423 783 3495 ωκίυἽερουσαλὴμ
800 3442 850 3481 om.
865 3424 928 3479 MP.
944 3458 978 3465 —
998 3431 1032 3477 24
1050 3426 1128 3479 σολο-

118 3493 249 3564 μοντείου
266 3510 335 3549 recc.
351 3495 467 3565 quidam
490 3493 676 3566 σολομωντίου
689 3497 719 3549 Μ
737 3493 917 3565 σολομοντίου
932 3495 979 3549 ΟΕ
993 3511 1063 3549 rece.
1078 3494 1129 3547 alii

117 3564 331 3637 σολομοντιαίου
344 3568 366 3621 F
381 3584 429 3622 om.
440 3566 470 3621 Ιι.
479 3599 513 3608 -
529 3573 561 3622 25
577 3567 647 3639 φέρ’
659 3566 784 3621 CEFLR.
798 3566 867 3637 φας’
878 3567 908 3620 Β.
920 3598 953 3607 »-
969 3572 1002 3620 27
1016 3573 1128 3635 χριστοῦ

117 3637 169 3691 ΒΡ
191 3644 242 3692 τοῦ
260 3646 373 3709 χριστοῦ
391 3638 450 3693 rell.
519 3694 520 3699 ,

917 3725 968 3779 28*
