2617 3909
535 227 725 278 κεουιεου
1073 227 1137 292 725

120 374 253 455 σταυρόν
275 373 458 437 ἐπιτιθέασιν
480 373 610 454 ἑαυτοῖς,
636 373 687 436 καί
712 374 813 455 ὑγείας
835 375 1026 456 τυγχάνοντες
1048 377 1137 438 πόλιν

121 471 217 533 αὐτὸν
238 477 385 553 συγκλῶσι
411 471 461 534 καὶ
483 472 526 546 είς
545 480 605 553 πῦρ
629 473 770 551 βάλλουσι
797 471 871 554 πρὸς
893 473 926 534 τὸ
944 483 1137 553 κατακαῦσαι,

123 568 386 649 ἢκαταπατοῦσιν
411 570 511 632 αὐτόν.
556 568 633 644 τινὲς
661 567 693 631 δὲ
716 569 745 644 ἐξ
769 571 867 632 αὐτῶν
894 571 944 632 καὶ
971 571 1006 632 τό
1033 572 1137 632 παιδία

122 666 237 730 ἑαυτῶν
258 670 450 749 βαπτίζουσιν
473 667 532 730 ὑπὸ
554 677 613 730 τῶν
635 665 783 748 ἡμετέρων
805 667 1009 750 πρεσβυτέρων
1032 669 1136 749 αἰχμα-

122 766 224 827 λώτων
246 765 342 828 όντων
363 760 434 847 παρ’
455 766 566 846 αύτοῖς,
588 765 680 847 ἕτεροι
703 764 735 827 δὲ
757 766 950 848 εἰσερχόμενοι
974 766 1007 828 ἒν
1029 776 1064 852 τῇ
1088 766 1135 828 ἐκ·
1163 787 1176 827 ε

120 865 229 948 κλησίμ
256 873 292 949 τῇ
320 861 445 948 ἡμετέρᾳ
471 873 531 924 τῶν
558 861 731 945 ὀρθοδόξων
763 862 929 943 λεληθότως
956 874 1015 926 τῶν
1041 867 1135 926 θείων

119 963 294 1043 μυστηρίων
308 962 564 1041 μεταλαμβάνουσι
575 962 649 1042 πρὸς
660 963 781 1023 πλείονα
795 961 942 1040 ίξαπύτην
953 972 1013 1024 τῶν
1023 961 1135 1024 ἁπλου-

121 1058 241 1140 στέρων.
280 1065 344 1132 ταῖς
364 1061 514 1131 τοιαύταις
534 1060 704 1137 μεθοδείαις
720 1058 770 1120 καὶ
788 1058 958 1139 ύποκρίσεσι
980 1061 1134 1140 χρώμενοι,

118 1158 202 1240 πόση
226 1155 259 1218 δὲ
281 1156 422 1241 ἀκολασία
445 1179 474 1218 τε
500 1156 551 1218 καί
579 1163 695 1241 μιασμῷ
719 1155 855 1237 ἑκατέρας
880 1155 1051 1240 ἀνθρώπων
1074 1160 1133 1236 φύ-

119 1272 196 1326 σεως
221 1253 394 1336 ἀδιαφόρως
425 1253 475 1316 καί
502 1253 596 1328 οἰδεῶς
624 1264 759 1336 χρῶνται.
804 1254 885 1328 τινὰς
917 1252 948 1316 δὲ
977 1255 1007 1328 ἐξ
1035 1255 1134 1317 αὐτῶν
1145 1281 1174 1320 ιο

118 1352 195 1432 πρὸς
217 1352 287 1425 τοὺς
309 1357 407 1433 γονεῖς
433 1351 484 1413 καὶ
511 1351 605 1430 μόνον
632 1351 745 1414 ἓαυτῶν
772 1351 967 1433 διαφέρεσθαι
989 1351 1132 1434 λέγουσιν.

195 1543 263 1627 [κε’.
296 1547 384 1627 Περὶ
410 1549 688 1611 Κωνσταντίνου
715 1557 778 1609 τοῦ
805 1545 1055 1629 Πωγωνοίτου]

187 1679 277 1741 Μετδι
300 1679 332 1742 δὲ
349 1667 495 1743 Κώνσταν
517 1681 683 1761 ἐβασίλευσε
703 1685 928 1754 Κωνσταντῑνος
950 1682 1016 1755 υίὸς
1038 1683 1131 1744 αὐτοῦ

117 1777 169 1856 ἔτη
193 1775 234 1851 ιζ’
251 1778 301 1839 καί
324 1777 457 1840 ἀπέθανε
481 1767 698 1860 δυσεντερικῶς.
743 1773 792 1858 ἐφ’
813 1773 850 1840 ού
877 1778 997 1860 γέγονεν
1019 1777 1038 1859 ἡ
1063 1779 1130 1860 ἕκτη
1144 1805 1183 1845 εει
1197 1805 1231 1846 11.

118 1876 247 1950 σύνοδος
265 1886 324 1937 τῶν
343 1874 391 1958 ρο’
409 1876 542 1958 πατέρων
560 1877 593 1939 ἐν
610 1877 929 1939 Κωνσταντινουπόλει.
970 1874 989 1955 ἡ
1010 1877 1041 1939 δὲ
1062 1877 1129 1956 ἕκτη
1145 1903 1171 1942 15

117 1974 244 2047 σύνοδος
278 1972 398 2056 γέγονεν
434 1975 468 2037 ἕν
500 1975 814 2038 Κωνσταντινουπόλει
848 1975 1055 2036 συνελθόντων
1081 1974 1130 2056 ρο’

189 2169 205 2217 3
223 2163 259 2216 τὰ
275 2161 379 2218 παιδία
398 2163 527 2218 αύτῶνΒ
549 2164 586 2217 τόι
602 2162 709 2218 ἑαυτῶν
726 2159 830 2217 παιδία
843 2161 875 2215 Ι).
892 2193 924 2202 -
944 2168 960 2216 8
979 2159 1129 2232 μεθοδίαις

116 2234 228 2289 AODV.
253 2265 286 2274 —-
311 2241 343 2288 11
368 2235 510 2290 Ριικκκίλα
532 2236 593 2290 alia
614 2235 679 2289 add.
703 2234 735 2288 D.
760 2265 794 2275 -
819 2239 852 2288 13
876 2233 944 2304 μετὰ
967 2234 999 2288 δὲ
1022 2255 1047 2288 κ.
1063 2232 1132 2288 υίδν

116 2303 324 2360 κωνσταντίνου
348 2305 464 2375 ἔγγονον
487 2307 518 2359 δὲ
542 2302 692 2374 ἡρακλείου
716 2305 790 2376 ἐβασ.
809 2322 906 2360 κωνστ.
927 2304 941 2359 ό
965 2304 1129 2374 πωγονοίτος

116 2376 291 2446 (πογωνώτυς
308 2376 369 2444 alii)
389 2374 404 2429 δ
423 2383 472 2444 τῆς
489 2377 595 2437 δύσεως
612 2375 644 2430 R.
660 2408 694 2416 —
713 2385 840 2430 κῶνσταν
858 2375 893 2429 N.
908 2407 943 2416 -
960 2375 1022 2439 υἱός
1040 2378 1127 2431 αύτοῦ

114 2447 132 2502 δ
154 2447 325 2517 πωγωνοίτος
341 2447 375 2501 V.
404 2478 438 2488 -
467 2453 501 2502 14
524 2445 717 2516 δυσεντερικός
738 2447 824 2501 AGN.
852 2477 887 2488 -
916 2453 948 2502 15
972 2446 1018 2516 ρο’
1037 2445 1127 2518 ἁγίων

114 2518 244 2587 πατέρων
262 2519 327 2573 ΒΜ.
347 2551 380 2558 -
405 2518 436 2574 ἐν
453 2517 739 2575 κωνσταντινουπόλει
761 2536 811 2574 om.
832 2517 893 2572 CM.
914 2549 947 2558 —
971 2521 1039 2574 Post
1055 2539 1126 2574 κων-

113 2589 343 2646 σταντινουπόλει
361 2589 409 2644 ΑΒ
433 2591 512 2644 add„-
534 2589 591 2644 ἀπό
614 2599 684 2660 γοῦν
706 2596 756 2658 τῆς
779 2591 804 2644 ε’
825 2588 876 2653 ἕως
892 2596 942 2658 τῆς
960 2589 989 2649 ς’
1005 2587 1126 2645 συνόδου

114 2657 243 2731 γίνονται
261 2661 307 2730 ἔτη
327 2661 405 2729 ρκῦ’.
437 2661 545 2715 Eadem
562 2663 619 2727 fere
637 2663 668 2714 in
687 2679 738 2732 κιρ,
753 2660 803 2714 LN
820 2667 846 2716 et
863 2677 933 2715 rece.
948 2660 1071 2730 quidam.
1090 2693 1127 2703 —

115 2737 149 2785 16
169 2731 363 2786 συνελθόντων
385 2732 408 2785 Β
436 2731 630 2786 συνελθόντων
657 2741 713 2786 τῶν
736 2731 756 2786 O
785 2735 960 2787 συνελθοῦσα
977 2732 1003 2785 A
1030 2737 1125 2788 συνελ-

111 2807 209 2858 θοῦσα
226 2812 282 2857 τῶν
301 2802 419 2857 ENRV.

111 2984 225 3033 μορφον
252 2970 301 3032 της
323 2965 528 3033 δαιμονιώδους
556 2964 648 3019 αότῶν
675 2961 815 3033 πονηρίας
837 2963 912 3032 πρὸς
936 2961 1049 3032 ἀπύτην
1076 2963 1124 3016 καλ

111 3039 209 3104 θήραν
227 3043 283 3089 τῶν
306 3033 501 3103 ἁπλουστέρων
524 3035 573 3089 καλ
596 3033 804 3104 ἀμαθεστέρων.
837 3033 914 3105 πόση
937 3031 969 3089 δί
987 3052 1017 3104 γε
1038 3052 1124 3087 κατα-

112 3105 204 3174 κόρως
226 3104 435 3180 γυναικομανία
457 3107 506 3161 καὶ
526 3104 704 3180 ἀνδρομανίμ
731 3105 870 3176 μετιόντες
893 3105 930 3167 ῶς
952 3105 1071 3173 ἔννομον
1096 3105 1124 3160 οἱ

112 3178 215 3246 όίνομοι
236 3177 288 3240 τὰς
310 3175 523 3249 αἰσχρουργείας
539 3178 588 3232 καὶ
606 3175 758 3240 ἀκολασίας
775 3176 918 3246 ἡγοῦνται.
942 3207 976 3216 -
1002 3182 1033 3230 15
1054 3175 1072 3244 ἡ
1091 3177 1123 3232 δὲ

112 3247 177 3318 ἕκτη
187 3281 221 3290 -
229 3267 258 3318 p.
274 3254 339 3316 ⁷26,
358 3254 392 3302 23
414 3250 455 3304 sic
477 3251 508 3302 ιἰι
525 3249 560 3302 Ρ;
584 3247 656 3303 κατὰ
679 3245 789 3317 σεργίου
812 3246 1124 3310 κωυσταντινουιτόλεως

111 3322 161 3374 καὶ
173 3321 265 3387 πόρου
283 3321 332 3374 καλ
344 3328 401 3375 τῶν
415 3318 584 3389 ὁμοφρόνων
598 3320 690 3373 αὐτῶν
705 3322 909 3387 μονοθελητῶν,
928 3317 976 3382 οῦς
990 3319 1038 3372 καί
1052 3319 1123 3374 ἀνα-

110 3389 314 3459 δεματίσαντες
331 3390 358 3446 οί
376 3395 454 3446 θεῖοι
471 3389 589 3458 πατίρες
610 3391 659 3444 καλ
677 3390 898 3458 ἐπικυρώσαντες
918 3388 1049 3458 λέγεσθαι
1070 3391 1122 3444 δύο

111 3462 211 3530 φύσεις
228 3463 274 3518 ἐπὶ
292 3470 343 3518 τοῦ
361 3460 461 3531 κυρίου
479 3462 558 3532 ἡμῶν
576 3462 656 3531 ίησοῦ
676 3469 787 3532 χριστοῦ
810 3463 859 3515 καλ
876 3461 929 3516 δύο
948 3460 1055 3529 φυσικὰ
1072 3463 1123 3514 θε-

110 3532 218 3601 λήματα
241 3535 290 3588 καί
312 3533 363 3595 τόις
380 3530 522 3604 ἐνεργείας
543 3534 636 3587 αύτῶν
659 3532 838 3602 ἐξεφώνησαν
860 3531 968 3588 κανόνα
990 3531 1123 3597 καὶπερὶ

7 3607 13 3630 ’
40 3663 45 3672 ,
110 3612 167 3658 τῶν
182 3603 263 3673 ἱερῶν
277 3611 327 3673 τῆς
340 3614 452 3677 χριστοῦ
466 3601 631 3674 οἰκονομίας
644 3603 788 3676 συμβόλων
802 3603 901 3666 οὕτως·
922 3604 951 3659 ίν
965 3619 1020 3657 τισι
1034 3605 1120 3656 κ.τ.λ.
