2617 3909
525 213 714 264 XPONIKON
1063 209 1127 274 773

92 370 163 422 νῶν
190 361 346 440 φύλαρχος
368 354 432 420 κατ’
458 359 551 420 αὐτοῦ
578 358 752 440 παρεγίνετο
780 359 812 421 ἐν
834 367 874 444 τῷ
895 355 1028 443 Ἀμωρίφ
1058 359 1128 438 μετὰ

92 459 264 537 δυνάμεως
286 462 405 538 πολλῆς.
442 458 548 538 ἕξήλθε
571 456 604 519 δὲ
627 456 677 518 καί
696 458 874 539 Νικήφόρος
898 457 930 519 ἐν
949 456 1024 542 όχλφ
1043 459 1130 540 βαρεῖ

90 556 176 639 πρὸς
207 555 243 617 τὸ
266 557 435 636 Δορύλαιον
467 557 636 635 δήλοποιῶν
668 563 708 640 τῷ
731 556 990 640 πρωτοσυμβούλφ
1022 565 1126 617 ταῦτα·

92 656 148 716 ἴνα
174 657 208 716 τί
231 653 388 735 ἕπιχαίρεις
410 660 474 728 ταῖς
496 653 625 728 ἀδικίαις
648 653 786 729 καλιαῖς
809 656 1044 735 αἱματεκχυσίαις
1068 663 1127 715 τῶν

91 752 281 833 ἀνθρώπων
308 751 350 831 μή
378 751 559 832 ἀρκούμενος
586 754 629 826 είς
656 745 692 813 τδι
720 753 796 832 ἴδια,
828 752 901 814 ἀλλά
934 754 1127 832 παραβαίνεις
1155 771 1167 812 ε

93 852 194 933 ὅρους
230 849 372 933 ἀρχαίους
403 850 453 911 καὶ
484 848 652 935 πατρῴους;
685 857 771 924 ποῖος
802 851 857 934 χάρ
891 869 937 912 σοι
969 850 1127 934 προφήτης

91 948 325 1030 ήδιδάστιαλος
348 954 432 1021 θεῖος
455 958 546 1010 ταῦτα
568 955 666 1010 ποιεῖν
685 949 832 1025 ἕδίδαξενχ
856 948 921 1030 οὐχὶ
941 949 1127 1028 Μουχούμεδ

93 1047 111 1110 ὁ
144 1047 313 1129 προφήτης
340 1065 395 1108 σου
422 1048 596 1128 παρήγγειλε
623 1048 791 1129 χριστιανὸν
819 1045 859 1120 ὡς
889 1045 1020 1125 ἀδελφὸν
1052 1047 1127 1127 ἔχειν
1141 1059 1180 1099 ⁶⁷⁵
1195 1058 1226 1098 Μ-

92 1145 147 1207 ιταὶ
179 1145 294 1227 λέγειν;
327 1143 368 1224 μή
396 1145 452 1227 γὰρ
482 1143 498 1205 ὁ
524 1145 645 1206 πάντων
674 1144 855 1226 δημιουργὸς
882 1143 932 1206 καὶ
958 1145 1127 1227 προνοητής

96 1239 314 1326 [ἀμφοτέρων]
334 1243 455 1322 αἴμασιν
474 1242 646 1323 ἀνθρώπων
664 1242 779 1316 ’ἀδίκως
797 1241 1002 1324 εἰιχυνομένων
1024 1245 1127 1325 χαίρει,
1140 1264 1166 1303 τυ

95 1343 140 1422 μή
166 1341 296 1424 γένοιτο.
334 1339 517 1423 ήάρχυρίου
540 1339 590 1402 καλ
612 1342 735 1422 χρυσίου
759 1340 808 1402 καὶ
827 1351 886 1402 τῶν
909 1346 1020 1402 λοιπῶν
1043 1340 1126 1402 ὑστε-

95 1442 253 1522 ρούμενος
277 1438 399 1519 ἐξῆλθες
422 1438 574 1518 ἀδικήσων
595 1439 665 1512 τοὺς
684 1439 724 1518 μή
744 1438 943 1518 ἀδικήσαντάς
963 1456 1008 1515 σε;
1031 1441 1126 1500 καίτοι

94 1562 128 1621 γε
158 1538 198 1600 τὰ
228 1538 367 1598 ιιάλλιστα
398 1537 448 1598 καὶ
476 1536 657 1618 δυσπόριστα
689 1536 739 1598 καί
766 1535 839 1616 ήμῑν
866 1536 1008 1619 δπὲραστα
1038 1561 1126 1598 κατα-

97 1638 198 1720 κόρως
223 1635 299 1716 ἔχων
327 1635 434 1715 ἕντῆς
457 1637 537 1718 ἱερᾶς
559 1645 614 1717 γῆς
643 1635 693 1696 καί
720 1637 948 1713 πλουσιωτάτής.
994 1634 1126 1697 εἰδότι

95 1745 159 1797 τῶν
183 1732 337 1814 ἡμετέρων
360 1733 467 1808 ἐνδεῶς
490 1734 576 1814 ἔχεις,
602 1733 708 1795 αὐτίκα
731 1733 895 1815 παρέχομεν
918 1735 1125 1816 φιλοστοργίας
1140 1755 1165 1795 ιε

97 1834 210 1917 τρόπῳ.
259 1831 301 1911 μή
329 1834 432 1893 τοίνυν
460 1830 500 1905 ὡς
527 1830 614 1894 ἀθεοι
646 1831 696 1893 καὶ
724 1830 870 1893 ἀθάνατοι
902 1826 965 1893 κατ’
991 1831 1125 1911 ἀλλήλων
1168 1851 1171 1858 ’

96 1930 394 2013 ἀντιστρατευόμεθα
425 1929 476 1992 καὶ
502 1929 554 1992 τὸν
581 1929 655 1991 ιιατά
683 1939 742 1990 τῶν
770 1928 942 2009 ἀνθρώπων
973 1930 1125 2009 δαιμόνων

97 2029 235 2109 πόλεμον
260 2028 293 2090 ίιι
316 2028 439 2106 φθόνου
462 2027 512 2089 ιιαλ
535 2030 765 2108 μισανθρωπίας
788 2027 1008 2107 ἐνμιμοόμεθα,
1035 2029 1124 2109 χινώ·

98 2146 224 2201 σιιοντες
254 2126 299 2188 ότι
326 2126 433 2208 μικρὸν
460 2127 584 2206 ὕστερον
610 2125 820 2203 τελευτήσομεν
847 2124 896 2185 καί
924 2122 998 2206 πρὸς
1020 2125 1124 2207 κριτήν

99 2224 269 2286 ἀδέκαστον
291 2223 524 2304 ἀπελευσόμεθα,
547 2220 581 2296 ὃς
604 2222 752 2284 ἀποδώσει
775 2221 885 2306 ἕκάστφ
908 2221 982 2284 κατὰ
1000 2222 1035 2284 τά
1054 2223 1124 2305 ἔργα
1138 2245 1164 2284 εο

99 2323 207 2385 αὐτοῦ.
246 2331 337 2383 ταῦτα
356 2320 372 2384 δ
390 2321 527 2402 βασιλεὺς
541 2320 720 2402 Νικήφόρος
738 2319 911 2393 ἀποστείλας
929 2319 1001 2400 μετὰ
1019 2321 1124 2400 δώρων

100 2430 205 2500 τινῶν,
220 2418 238 2482 δ
253 2419 432 2500 Σαρακήνὸς
446 2418 634 2501 ἀχαθυνθελς
647 2417 698 2479 καί
712 2417 897 2498 ἀνταμείψας
911 2419 992 2499 δῶρα
1006 2423 1124 2480 πλεῖστα

177 2607 191 2653 1
209 2598 317 2670 ἀμορίεο
328 2598 438 2653 CDER
448 2599 513 2653 Exc.
524 2600 558 2653 de
568 2599 641 2670 legg.
662 2596 790 2669 ἀμμορίω
800 2599 830 2653 Β,
843 2632 875 2640 -
887 2605 903 2652 2
918 2600 949 2656 δὲ
959 2617 1009 2654 om.
1020 2599 1077 2652 AB.
1088 2633 1123 2640 -

102 2671 157 2726 σὺν
175 2671 248 2742 ὄχλῳ
262 2656 320 2725 RV.
337 2703 369 2710 —
390 2678 405 2724 3
425 2671 583 2738 δωρόλαιου
597 2673 670 2740 (-εον
685 2671 724 2741 Μ)
738 2655 795 2724 ΒΜ
814 2671 981 2738 δορόλλαιον
995 2670 1021 2723 R
1039 2672 1122 2738 δορυ·

102 2742 201 2798 λάειον
220 2742 285 2797 Exc.
302 2774 336 2782 -
355 2749 370 2796 6
390 2743 446 2813 σοι]
466 2743 496 2797 σὲ
515 2743 537 2795 Β
561 2760 612 2796 σου
631 2743 664 2796 R.
682 2774 715 2782 —
736 2748 750 2795 7
770 2743 929 2813 μουχοόμεδ
942 2741 1121 2796 ABELExc.

102 2814 300 2886 μουχουμὲδΙ)
314 2814 470 2886 μουχοόμετ
479 2814 600 2869 BMRV.
609 2847 643 2854 —
660 2819 724 2867 9.10
739 2832 819 2882 προν.
830 2814 992 2880 ἀνθρώπων
1007 2812 1122 2881 αἴμασιν

103 2884 161 2955 ἐνχ.
176 2886 243 2939 Exc.
262 2905 344 2954 προν.
359 2887 429 2953 ἀμφ.
445 2883 503 2954 αἴμ.
519 2883 624 2947 ἀδίκως
637 2886 799 2953 ἀνθρώπων
815 2885 906 2955 ἐκχυν.
917 2885 950 2938 N.
980 2886 1018 2937 Ινι
1031 2887 1121 2939 arche-

103 2961 169 3025 typo
185 2955 352 3026 ἀμφοτέρων
366 2974 455 3011 more
468 2959 599 3025 scriptwn
613 2974 710 3025 εφνεον.
724 2974 786 3012 voce
800 2957 962 3024 ἀνθρώπων
976 2958 1122 3011 correxisse

104 3028 240 3082 ίιθταήυε
252 3029 409 3083 υίιίολινν.-
423 3034 456 3082 10
468 3026 702 3098 ἐνχυννόμενουΑ
715 3027 911 3098 ἐκχυνομένοις
923 3028 1042 3099 (ἐκχυνν.
1052 3027 1122 3096 Μ)Ν

104 3129 138 3138 -
160 3105 194 3152 12
213 3098 379 3223 &dtuficmvk
387 3101 521 3169 ἀδικῆσαι
534 3100 588 3153 BR
601 3106 627 3154 et
640 3099 720 3153 codd.
736 3099 852 3168 quidam
865 3098 930 3153 Exn.
946 3100 981 3152 de
995 3098 1069 3223 legg.
1087 3131 1122 3139 —

104 3169 351 3237 ἀδικήσανταςΑΒ
389 3168 1018 3240 ἀδινοῦνταςτοΠ,εόΕιο.-ΙῦπαρίχωμενΑ
1050 3188 1121 3238 παρ-

104 3237 204 3310 έξομεν
213 3242 279 3295 Exn.
290 3273 325 3281 -
337 3248 368 3295 1‘1
381 3243 663 3311 ἀντιστρατευόμεθα
673 3241 726 3296 NV
738 3240 947 3309 στρατευόμεθα
957 3239 977 3294 C
993 3258 1121 3309 στρατευ-

106 3311 206 3380 όμεθα
221 3313 301 3380 R:
316 3322 372 3367 τῶν
387 3330 437 3368 om.
448 3314 506 3367 BL.
518 3345 551 3354 —-
567 3319 649 3367 1728
664 3314 827 3380 ἀνθρώπων
841 3313 909 3366 πόλε
930 3331 963 3366 ον
978 3310 1121 3381 δαιμόνων

106 3379 228 3453 πόλεμον
238 3384 336 3438 OENR
349 3385 512 3453 ἀνθρώπων
526 3384 647 3455 πόλεμον
662 3386 723 3454 (σπι.
738 3382 892 3453 δαιμόνων)
933 3383 998 3438 Exc.
1014 3385 1044 3439 ἐτι
1059 3386 1121 3437 δαι-

105 3450 200 3520 μόνων
219 3457 291 3511 ιιατόι
308 3457 394 3524 ἀνθρ.
408 3455 531 3525 πόλεμον
547 3457 576 3510 L.
598 3489 631 3497 -
652 3463 685 3510 18
701 3456 880 3526 ἐκμιμτόμεθα
892 3455 918 3509 V
936 3456 1085 3523 μιμώμεθα
1099 3455 1121 3506 L

107 3523 316 3596 (ἀναδεχόμεθα
326 3527 411 3597 Em).
423 3560 456 3567 -
473 3533 506 3581 19
520 3527 722 3597 τελευτήσωμεν
732 3526 900 3581 ABGLMR.
911 3558 946 3566 -
956 3532 990 3579 20
1005 3526 1121 3580 ἀπελευ-

107 3595 220 3663 σώμεθα
235 3598 319 3652 ALM.
337 3632 369 3639 —
385 3606 418 3652 22
433 3601 511 3667 δῶρα
525 3603 639 3654 πλεῖστα
653 3597 702 3652 ΑΒ
712 3599 777 3653 Exc.
797 3597 876 3667 δῶρά
889 3617 918 3652 τε
932 3601 1046 3652 πλεῖστα
1060 3595 1121 3650 rell.
