2617 3909
531 225 722 283 XPONIKON
1068 229 1132 295 641

182 370 253 454 Ἐφ’
274 369 317 438 ὧν
344 376 459 458 γρόνεον
486 376 536 439 καί
563 372 730 439 ’θανατικὸν
755 376 929 460 ἀνθρώπων
954 376 1076 461 γέγονεν
1098 368 1188 441 ’ἰνοθῦ
1201 394 1234 435 Μ.

117 476 430 537 Κιονσταυτινουπόλει
453 475 495 547 εἰς
517 474 669 551 ἰξοίλειψιν
691 473 742 535 καί
763 483 913 555 τοιοῦτον,
941 476 1013 538 ὥστε
1036 474 1135 555 μένειν

118 571 252 650 ἀτάφους
279 572 349 646 τοὺς
371 571 623 651 ἀποθνήσκοντας
645 571 694 635 ἰπλ
720 568 833 652 ἡμέρας
854 579 931 655 τρεῖς
956 572 1007 634 διὰ
1032 572 1065 635 τὸ
1093 573 1135 653 μὴ

117 658 250 753 ἐξαρκεῖν
267 669 337 743 τοὺς
355 669 523 751 κραβίτους
544 678 604 731 τῶν
621 669 785 749 ἐκκλησιῶν
802 668 853 731 κοιλ
873 680 933 731 τῶν
950 671 1043 733 οἰκωυ
1060 671 1135 754 πρὸς

117 767 151 831 τὸ
177 765 312 849 ἐκφέρειν
339 765 409 841 τοὺς
435 772 636 840 τελευτῶντας.
688 767 762 829 ὅθεν
794 767 922 846 ποιήσας
949 767 966 831 ὁ
997 769 1135 851 βασιλεὺς
1161 793 1174 835 ε

117 866 284 948 κραβάτους
315 866 441 945 χιλίους,
472 863 524 925 καί
555 860 626 943 μηδ’
650 865 746 938 οὕτως
771 865 990 947 ἐξαρκούντων,
1021 863 1135 946 ἁμάξας

116 961 273 1044 προσέταξε
290 963 427 1036 πλείστας
444 961 677 1042 εὐτρεπισθῆναι
698 960 750 1023 καλ
771 960 874 1045 ίίλογα,
896 962 947 1049 κοιλ
968 962 1135 1044 ἰπιστοιβοί-

117 1063 215 1134 ζοντες
236 1059 270 1122 ἰν
292 1058 394 1133 αὐτοῖς
415 1060 486 1134 τοὺς
506 1059 632 1140 νεκροὺς
653 1059 820 1133 ἰξωδίοιζον.
860 1059 1080 1141 ἰπιτεινομίνης
1101 1060 1135 1123 δὲ

2 1138 7 1141 ”
54 1197 57 1203 2
116 1167 170 1237 τῆς
191 1157 330 1236 θνήσεοις
352 1156 490 1239 ἔρριπτον
511 1158 582 1231 τοὺς
605 1158 744 1230 πλείονας
769 1158 812 1230 εἰς
834 1157 886 1219 τὸν
909 1159 1058 1240 αἰγιαλόν,
1084 1158 1135 1221 καλ
1235 1241 1238 1246 1

117 1254 224 1334 ἔμενον
246 1253 356 1333 ἄταφοι
378 1253 434 1329 ἕως
455 1252 574 1337 ἡμερῶν
597 1252 629 1323 ς’
651 1254 703 1316 διὰ
729 1254 762 1315 τὸ
785 1253 859 1334 μηδὲ
882 1255 918 1316 τὰ
945 1262 1034 1318 πλοῖα
1051 1256 1134 1338 ἐξαρ·
1147 1282 1176 1322 ιο

116 1358 181 1414 κεῖν
204 1353 347 1433 διαπερᾶν
374 1351 424 1413 καί
451 1352 587 1413 θάπτειν.
632 1352 670 1413 οίι
698 1352 759 1432 μὴν
782 1351 814 1415 δὲ
841 1351 916 1414 ἀλλὰ
941 1352 991 1414 καί
1018 1353 1052 1415 ἰν
1073 1360 1136 1428 τοῖς

117 1449 212 1522 οἴκοις
234 1448 284 1510 καλ
306 1454 368 1523 τοῖς
389 1448 526 1529 ἐμβόλοις
547 1448 598 1510 καί
620 1456 686 1522 ταῖς
707 1449 874 1529 ἐκκλησίαις
894 1451 951 1513 οὐκ
972 1443 1013 1531 ῆν
1034 1450 1134 1532 τόπος,

117 1546 152 1609 λυ
173 1534 198 1630 ᾧ
217 1545 255 1608 οὔ
276 1545 441 1608 κατέκειντο
463 1546 562 1629 νεκροί
584 1545 750 1621 ἄπόζουτες.
794 1548 898 1610 πολλοί
920 1547 953 1611 δὲ
975 1547 1026 1610 κοιλ
1048 1547 1134 1610 ἀδιοί-

116 1649 200 1705 θετοι
231 1648 433 1724 τελευτῶντες,
465 1646 507 1718 εἰς
536 1645 680 1727 πρόσωπα
706 1644 776 1718 ξένοι
805 1646 842 1707 τὰ
869 1646 983 1708 ἑαυτῶν
1008 1645 1134 1728 ἤρχοντο

117 1741 167 1803 διὰ
193 1742 225 1804 τὸ
253 1741 366 1815 πάντας
392 1740 489 1823 ἄρδην
515 1748 651 1804 τελευτᾶν
678 1744 748 1817 τοὺς
779 1750 930 1826 συγγενεῖς
957 1745 1056 1807 αἰτῶν
1083 1742 1134 1805 καί
1147 1766 1174 1810 ιε

117 1839 253 1913 οἰκείους.
294 1838 453 1919 ἰκροίτησευ
474 1831 531 1902 οὖν
552 1837 574 1919 ἡ
596 1847 707 1921 θνῆσις
725 1842 802 1920 αὕτη
825 1852 922 1922 γνῆνας
944 1840 987 1923 β’,
1007 1837 1134 1904 Ἰούλιον

116 1935 166 1997 κοιλ
189 1935 374 2018 Αἰίγουστον.
419 1936 553 2018 ἐγίνοντο
582 1936 614 1999 δὲ
641 1937 693 1999 καί
719 1938 841 2019 βρονταί
869 1940 991 2020 μεγάλαι
1016 1940 1134 2021 σφόδρα

116 2034 166 2095 καί
189 2033 336 2116 ἀστραπαί
353 2034 481 2117 φοβεραλ
503 2037 580 2115 λίαν,
604 2036 676 2097 ὥστε
694 2035 744 2097 καί
766 2034 950 2116 ἀνθρώπους
966 2037 1134 2097 καθεύδον-

116 2154 168 2204 τας
195 2130 227 2192 ἕκ
254 2141 313 2192 τῶν
340 2130 498 2212 ἀστραπῶν
525 2138 689 2211 καυθῆναι.
728 2130 786 2193 καλ
811 2131 911 2211 μέντοι
937 2132 988 2193 καί
1015 2134 1135 2213 σεισμὸς

189 2290 276 2353 l-p.
292 2290 354 2350 642,
369 2290 402 2336 22
421 2285 455 2351 cf.
475 2284 531 2338 Leo
551 2283 674 2337 Gramm.
689 2300 719 2355 p.
739 2289 799 2352 121,
819 2290 916 2355 17εηη.
937 2315 971 2357 -Ι-
991 2290 1077 2338 1—17
1097 2285 1131 2352 cf.

116 2354 184 2408 Mal.
195 2371 224 2424 p.
241 2358 302 2422 αοε,
317 2359 342 2407 4.
357 2385 390 2395 -
411 2359 515 2408 17-19
535 2356 569 2420 ef.
585 2354 651 2408 Mal.
665 2372 693 2423 p.
708 2360 770 2421 αειι,
783 2361 818 2409 ιε
835 2354 961 2425 Theoph.
972 2372 1002 2427 p.
1018 2361 1079 2424 εεο,
1090 2362 1132 2409 11.

116 2456 152 2465 -
172 2430 277 2493 19-p.
293 2430 353 2490 642,
370 2430 384 2478 7
403 2425 439 2492 cf.
453 2424 520 2479 Mal.
531 2442 562 2493 φ,
577 2430 639 2493 485,
654 2430 673 2479 8
689 2425 814 2495 Ἦιοοφίι.
825 2444 855 2495 γ.
872 2432 932 2494 227,
947 2432 989 2480 21.

190 2554 204 2603 1
220 2548 381 2615 ἀνθρώπων
395 2565 445 2603 σαι.
456 2547 481 2602 7
493 2556 556 2619 post
568 2554 855 2606 κατοταντινουπόλει
868 2552 921 2606 ins.
935 2550 969 2605 D.
984 2582 1019 2593 -—
1033 2557 1051 2606 4
1064 2572 1132 2619 κρα-

116 2618 220 2691 βάτους
234 2618 333 2673 GELP
351 2626 459 2675 etrecc.
475 2620 592 2690 quidam
618 2620 792 2692 κραβάττους
805 2623 830 2674 Α
843 2629 869 2677 εἰ
883 2639 954 2677 rece.
969 2622 1020 2677 alii
1046 2624 1133 2694 κραβ-

116 2689 220 2761 βοίτους
241 2690 321 2744 BGV
343 2690 535 2762 κραββάττους
557 2691 590 2747 D.
615 2723 649 2733 -
674 2700 690 2747 ὁ
712 2693 779 2756 τοὺς
800 2710 851 2748 om.
870 2692 931 2748 EG.
955 2726 991 2736 -
1012 2693 1134 2760 ποιήσας

111 2767 177 2831 post
189 2780 243 2830 κρα
263 2760 348 2823 οίτους
361 2763 412 2815 ι’κιε.
423 2762 481 2816 ΑΒ.
496 2794 529 2803 -
545 2761 559 2817 ὁ
574 2764 703 2834 βασιλεὺς
716 2763 973 2827 ἰουστινιανὸςΕΙί.
984 2795 1018 2805 -
1034 2770 1050 2818 6
1064 2785 1133 2833 κρα-

116 2831 220 2904 βάτους
259 2832 282 2884 Ε
301 2831 474 2904 κραβάττους
487 2832 569 2886 ADR
587 2833 764 2906 κραββοίτους
778 2834 911 2889 BGLPV.
932 2866 968 2875 —
987 2841 1002 2888 7
1022 2835 1132 2890 ἐπιστυ-

116 2902 285 2973 βαίζοντεςί
306 2903 526 2975 ἰπιστιβοίζοντες
542 2904 627 2957 AER.
648 2936 683 2945 -—
701 2911 720 2960 8
738 2905 882 2970 ἰξοὸίαζον
900 2906 955 2959 ΔΡ.
975 2937 1009 2947 -
1030 2912 1063 2959 12
1081 2906 1130 2960 κοιλ

116 2973 148 3029 ἰν
166 2982 224 3036 τοῖς
243 2972 333 3046 ἰμβόλ.
349 2973 434 3029 ADL.
453 3007 486 3016 —
507 2981 540 3029 13
559 2978 611 3030 οἰικ
629 2974 777 3033 ἀπέκειντο
796 2979 841 3046 (οἰι
858 2995 926 3030 καπ.
940 2975 975 3045 G)
988 2976 1077 3029 ΑΒΘ.
1097 3007 1132 3017 -

117 3051 150 3101 16
169 3046 235 3107 τοὺς
257 3054 400 3115 συγγενεῖς
422 3046 515 3101 αὐτῶν
537 3048 587 3101 καλ
609 3045 733 3111 οἰκείους
749 3047 826 3101 ΑΒΡ
852 3048 917 3109 τοὺς
940 3045 1062 3110 οἰκείους
1083 3047 1132 3101 καλ

116 3125 260 3187 συγγενεῖς
277 3115 299 3169 L
323 3117 389 3180 τοὺς
408 3126 549 3188 συγγενεῖς
567 3118 616 3172 καλ
634 3120 701 3181 τοὺς
718 3115 840 3180 οἰκείους
856 3117 918 3172 rell.

189 3246 240 3295 1.2
259 3239 373 3312 γέγονεν
397 3241 437 3303 εἰς
455 3241 591 3311 ἰξάληηιιν
610 3242 641 3298 ἐν
660 3260 757 3298 κωνστ.
775 3250 906 3297 τοιοῦτον
922 3241 952 3297 Ρ.
973 3272 1007 3283 -
1026 3247 1042 3295 5
1065 3242 1133 3303 τοὺς

116 3313 299 3374 τελευτῶντας
316 3328 367 3366 om.
387 3311 417 3366 P.
438 3344 471 3353 —
497 3318 511 3366 7
531 3313 752 3381 εὐτρεπισθῆναι
770 3330 822 3368 ονε.
840 3312 870 3367 P.
893 3345 927 3354 -
951 3317 967 3366 8
987 3312 1017 3368 ἰν
1036 3313 1132 3377 αὐτοῖς

116 3398 165 3437 ονε.
181 3382 211 3436 P.
235 3414 270 3423 -
295 3388 328 3436 10
347 3382 399 3447 ἕως
416 3382 526 3452 ἡμερῶν
545 3383 573 3448 ἓξ
592 3384 699 3452 ἄταφοι
717 3385 747 3439 Ρ.
770 3416 805 3424 -
831 3390 864 3438 13
883 3383 1059 3452 ἀνάρπαστον
1082 3385 1131 3441 καί

115 3451 265 3508 ἀᾶιᾶιθετοι
284 3454 313 3507 Ρ.
329 3485 363 3494 -
384 3460 416 3508 16
436 3456 505 3509 Post
522 3451 643 3517 οἰκείους
661 3454 684 3507 Ρ
702 3456 782 3509 (uid..-
799 3455 848 3509 καλ
865 3455 916 3508 τὸν
934 3454 1064 3510 θάνατον
1083 3454 1131 3507 ἀλ-

87 3574 89 3581 ,
115 3522 205 3589 λῆλεοο
224 3521 241 3591 ἢ
259 3523 311 3593 τὴν
329 3525 422 3595 ταφὴν
440 3525 477 3595 μῆ
496 3524 608 3597 βλέπειν
626 3526 672 3595 (ef.
686 3526 753 3580 Mal.
764 3544 795 3595 p.
809 3531 871 3593 182,
887 3530 938 3596 10).
958 3557 992 3565 -
1013 3530 1046 3579 19
1066 3526 1131 3595 βλα-

116 3595 202 3665 βῆναι
219 3596 270 3649 καλ
287 3600 434 3665 καυθῆναι
452 3596 475 3649 Ρ
498 3598 646 3668 (βλαβῆναι
665 3596 731 3651 Μελ.
746 3596 885 3667 Τλιεορίι.)

901 3684 971 3739 ’41*
