2617 3909
541 242 729 293 XPONIKON
1077 240 1140 304 551

128 398 300 470 συγκροτῶν
322 388 392 462 τούς
415 388 578 469 αίρετικούς
601 389 642 461 εἰς
661 389 716 468 τὴν
734 388 806 451 δδὸν
829 399 888 450 τῶν
906 389 991 450 ίδίων
1009 388 1144 471 πατέρων

127 486 290 567 ἐπορεύετο.
339 485 388 547 καί
419 485 475 568 γὰρ
507 485 686 560 ἐπισκόπους
718 487 760 560 είς
791 487 909 568 ἐξορίαν
944 488 1057 567 ἔπεμψε
1093 487 1143 548 καὶ

128 582 345 667 πρεσβυτέρους
372 583 422 645 καὶ
449 585 607 657 διακόνους
635 584 686 645 καὶ
714 587 875 666 μοναχούς,
907 591 1053 647 Τατιανοῦ
1081 586 1144 648 τότε

128 681 270 764 άρχοντος
296 692 349 762 τῆς
372 677 605 764 Ἀλεξανδρείας,
636 682 686 744 ἐπὶ
712 693 853 745 τοσοῦτον
884 683 956 745 ὥστε
985 685 1038 745 καί
1062 707 1145 756 τινας

128 781 172 854 είς
194 780 344 860 βασάνους
366 779 486 862 ἀγαγεῖν
513 779 563 841 καί
585 787 624 864 τῷ
644 780 715 860 πυρὶ
739 783 927 862 παραδοῦναι
953 780 1003 842 καί
1026 787 1145 843 πλεῖστα
1172 799 1185 838 5

130 877 258 957 ἀθέμιτα
285 877 335 938 καί
358 875 491 957 ὐμότατα
518 877 592 938 κατὰ
619 887 672 957 τῆς
694 888 748 940 τοῦ
770 885 846 940 θεοῦ
869 879 1023 959 ἐκκλησίας
1051 904 1144 960 μηχα-

129 976 291 1054 νήσασθαι.
332 985 422 1036 ταῦτα
445 975 541 1037 πάντα
564 975 634 1054 μετὰ
654 975 709 1054 τὴν
727 976 863 1056 τελευτὴν
878 971 1062 1039 Ἀθανασίου
1085 979 1144 1038 διε-

129 1075 278 1155 πράττετο.
320 1072 416 1155 ὥσπερ
439 1073 496 1154 γὰρ
514 1074 583 1157 θείηι
601 1072 660 1134 τινί
677 1073 823 1147 κωλυθεὶς
842 1073 929 1159 ἀρετῇ
952 1077 1048 1137 καίτοι
1070 1075 1144 1137 κατὰ
1159 1087 1200 1127 4⁵4
1213 1086 1245 1125 Μ-

129 1183 189 1234 τῶν
212 1170 309 1232 ἀλλων
332 1171 485 1252 βακχεύων
507 1169 597 1233 οὐδὲν
615 1165 680 1232 κατ’
702 1171 816 1233 ἐκείνου
835 1172 969 1253 λυπηρὸν
987 1173 1145 1253 ἐτόλμησεν

130 1269 305 1351 άμαρτῖχσαι.
1159 1293 1186 1331 ιο

203 1369 243 1429 Οῖ
257 1367 289 1430 ἐν
303 1368 617 1430 Κωνσταντινουπόλει
636 1364 796 1447 ὐρθόδοξοι
814 1365 958 1428 ἐλεεῖσθαι
972 1369 1146 1445 νομίσαντες

131 1466 192 1528 ὐπὸ
218 1466 383 1538 Οὐάλεντος
405 1466 563 1546 πρεσβείαν
585 1464 715 1526 ἔστειλαν
742 1464 816 1545 πρὸς
839 1464 931 1528 αὐτὸν
952 1465 985 1527 ἐν
1008 1468 1145 1545 Νικομη-

131 1566 196 1649 δείηι
223 1564 403 1644 τυγχάνοντα
430 1561 600 1642 πέμψαντες
628 1561 810 1644 ὀγδοήκοντα
838 1564 1002 1644 ίερατικούς
1023 1561 1146 1646 ἀνδρας,

131 1655 176 1724 ὧν
198 1659 326 1744 ἡγοῦντο
352 1661 505 1741 Θεόδωρος
528 1660 577 1722 καὶ
603 1661 759 1741 Οὐρβανὸς
784 1660 833 1721 καί
857 1661 1045 1742 Μενέδημος.
1092 1661 1146 1735 οὐς

132 1762 265 1833 ἅπαντας
298 1759 354 1820 σύν
382 1759 460 1844 αὐτῷ
486 1765 525 1842 τῷ
550 1760 642 1843 πλοίῳ
669 1759 852 1839 ὐπαφθῆναι
879 1759 1065 1840 προσέταξεν,
1097 1760 1146 1822 καὶ
1160 1782 1186 1821 15

132 1860 241 1932 πάντες
273 1857 329 1918 σύν
357 1865 392 1941 τῇ
420 1857 475 1936 νηίΙ
502 1855 760 1937 κατεφλέχθησαν,
793 1856 874 1938 μέχρι
896 1859 1063 1932 Δακιδίζων
1093 1868 1146 1920 τοῦ

131 1958 239 2019 πλοίου
268 1954 475 2036 διαρκέσαντος
504 1954 619 2017 κάκεῖσε
647 1953 849 2029 διαλυθέντος.
898 1955 1017 2035 Οὐάλης
1048 1967 1147 2017 πᾶσαν

132 2055 292 2133 ἐκκλησίαν
315 2053 472 2135 πορθήσας
500 2045 552 2131 ἧκε
580 2052 629 2114 καὶ
652 2053 695 2126 είς
716 2054 898 2134 Καισάρειαν
921 2052 979 2116 ἀπὸ
1003 2052 1148 2132 ἀνατολῆς

132 2151 207 2215 κατά
229 2152 385 2212 Βασιλείου
408 2151 594 2230 κινούμενος,
619 2151 665 2213 ὅτε
682 2150 730 2211 καί
750 2150 786 2210 τά
803 2150 876 2211 κατὰ
894 2150 946 2211 τὸν
964 2149 1032 2212 υίδν
1054 2150 1147 2212 αὐτοῦ

133 2248 257 2332 ἐγένετο,
280 2249 383 2321 καθώς
406 2266 499 2327 φησιν
523 2246 539 2309 δ
561 2249 704 2330 Θεολόγος
722 2248 892 2328 Γρηγόριος.
930 2246 1187 2327 Δημοσθένονςιο

133 2347 201 2420 ἐνὸς
223 2357 282 2408 τῶν
306 2344 535 2424 ὐψοποιούντων
558 2353 596 2430 τῷ
619 2346 762 2407 Οὐάλεντι
784 2345 817 2407 ἐν
840 2355 875 2430 τῇ
897 2346 972 2427 πρὸς
997 2345 1148 2407 Οὐάλεντα

134 2447 277 2529 συντυχίᾳ
289 2444 527 2524 καταδραμόντος
541 2445 696 2505 Βασιλείαν
714 2442 763 2504 καί
780 2445 1023 2524 βαρβαρίσαντος,
1042 2443 1148 2525 μικρὸν

134 2544 287 2624 μειδιάσας
313 2542 373 2621 ἐφη
401 2540 416 2603 δ
445 2541 632 2614 διδάσκαλος·
662 2541 729 2603 ίδού
756 2541 946 2619 ἐθεασάμεθα
972 2541 1022 2602 καὶ
1045 2547 1148 2622 Λημο-

209 2735 313 2784 11-17
327 2729 377 2784 Th.
386 2730 416 2784 L.
426 2732 461 2798 cf.
471 2730 536 2784 Exc.
545 2731 608 2784 Bar.
623 2730 748 2800 Theoph.
756 2749 784 2799 p.
796 2736 839 2798 58,
847 2735 881 2784 28
894 2731 993 2798 Polyd.
999 2749 1029 2801 p.
1038 2735 1090 2784 698
1099 2732 1147 2798 βα.

134 2835 170 2845 -
187 2808 291 2856 17—20
306 2802 356 2856 Th.
367 2803 396 2856 L.
411 2805 445 2871 cf.
460 2802 525 2856 Exo.
540 2802 603 2856 Bar.
614 2801 739 2872 Theoph.
751 2819 780 2871 p.
792 2809 834 2870 63,
845 2808 879 2856 20
893 2802 990 2870 Polyd.
997 2820 1027 2872 γ.
1038 2809 1147 2868 414,11.

136 2907 170 2915 -
196 2879 299 2943 20-μ.
316 2879 411 2940 656,1
432 2873 481 2926 Th.
498 2873 527 2925 L.
548 2873 583 2940 cf.
603 2871 692 2927 Cram.
712 2874 817 2928 Anecd.
832 2892 862 2942 p.
878 2879 952 2941 97,4
971 2881 996 2928 et
1009 2873 1073 2927 Exc.
1085 2872 1147 2927 Bar.

135 2945 262 3016 Theoph.
275 2963 302 3013 p.
320 2950 362 3012 63,
375 2950 409 2998 24
427 2943 524 3013 Polyd.
535 2962 565 3014 p.
581 2950 633 2998 414
642 2946 690 3012 βκ.

211 3130 302 3186 1τοίς
321 3122 470 3191 αλρετικοῖς
488 3123 544 3177 BV.
565 3154 598 3162 -
622 3129 653 3176 11
674 3122 702 3176 οἱ
721 3123 750 3178 ἐν
769 3143 793 3175 κ.
810 3120 891 3175 CEN
914 3121 942 3175 ολ
960 3122 990 3177 ἐν
1009 3142 1033 3175 κ.
1049 3121 1080 3175 δέ
1099 3121 1149 3174 BL

137 3194 166 3249 ολ
184 3195 214 3250 δὲ
234 3194 264 3249 ἐν
283 3215 307 3248 κ.
323 3196 348 3248 A
371 3196 419 3249 καί
436 3193 536 3249 λοιπὸν
555 3193 582 3247 οῖ
602 3193 632 3248 ἐν
651 3215 675 3247 κ.
691 3192 716 3247 V
735 3193 762 3247 ολ
781 3189 833 3247 οὐν
851 3193 882 3248 ἐν
900 3192 966 3247 Exn.
982 3192 1016 3246 de
1034 3193 1097 3247 virt.
1114 3225 1149 3232 —

139 3272 172 3321 14
191 3266 328 3338 οὐρβασος
341 3265 390 3318 ΑΒ
407 3266 544 3336 οὐρβασὸς
557 3265 621 3318 Exo.
637 3267 671 3333 cf.
686 3264 751 3319 Not.
768 3264 804 3317 ad
818 3263 942 3332 Theoph.
954 3282 983 3332 p.
999 3270 1042 3330 68,
1057 3269 1099 3317 30.
1115 3296 1148 3302 —

137 3335 284 3407 μενέδιμος
301 3336 374 3391 AOV
383 3336 448 3390 Exe.
473 3335 623 3408 βενέδημος
645 3338 750 3404 ί-διμος
767 3335 910 3459 ΒχέΡΜΒ.
931 3367 963 3374 -
987 3342 1020 3390 16
1040 3334 1149 3390 δακιδί-

137 3412 192 3472 ζων
211 3410 320 3478 (δακηδ.
335 3408 365 3462 Μ
388 3409 483 3462 δακεδ.
502 3424 573 3462 rece.
588 3407 727 3476 plerique)
743 3405 789 3460 AC
822 3405 901 3460 LNR
909 3407 975 3460 Exo.
999 3403 1150 3477 δακιβίζων

137 3478 188 3533 BV
198 3479 273 3533 Suid.
289 3497 312 3534 ο.
326 3478 445 3549 Οὐάλης.
470 3476 590 3544 δακίζων
604 3479 633 3532 F.
649 3510 683 3517 -
700 3483 732 3531 17
747 3476 849 3547 οὐάλης
863 3477 895 3532 δέ
909 3477 990 3530 BFR
1008 3476 1023 3531 δ
1038 3475 1070 3531 δέ
1084 3477 1150 3530 οὐά-

138 3554 188 3620 λης
205 3550 237 3605 V.
257 3582 293 3591 —
315 3555 348 3604 18
367 3551 415 3605 καλ
434 3568 484 3605 om.
499 3550 533 3605 N.
553 3581 587 3589 -—
612 3555 645 3603 19
664 3548 700 3602 τά
718 3566 768 3604 om.
784 3547 875 3602 BCM.
896 3581 929 3589 -
954 3554 986 3601 21
1006 3557 1061 3601 τῶν
1081 3546 1150 3615 ὀψο-

139 3630 228 3676 ποιῶν
246 3631 297 3677 τοῦ
315 3622 464 3683 οὐάλεντος
481 3621 540 3675 RV.
560 3653 593 3660 -
613 3626 647 3673 22
667 3620 766 3688 μικρὸν
785 3638 835 3676 ουτ.
850 3620 907 3673 FN.
