2617 3909
190 225 255 288 780
500 227 688 278 Γεαενιου
705 227 888 279 nomos
930 291 934 297 ¹

187 376 311 448 πίστεως
340 372 441 455 ἡμῶν,
468 372 526 435 κδιν
553 372 675 456 άγγελος
703 375 733 450 ἐξ
757 376 890 457 οὐρανοῦ
917 375 1071 438 κατελθὼν
1099 379 1216 456 βουλη-

187 475 259 552 θείη
276 472 464 556 παρατρέψαι
482 470 571 553 ἡμᾶς,
589 472 646 535 οὐκ
664 472 858 553 ἀκουσόμεθα
878 474 982 555 αὐτοῦ,
1002 476 1073 554 μήτι
1092 499 1127 558 γε
1145 485 1216 555 σοῦ,

187 573 316 652 βασιλεῦ.
363 570 379 634 δ
403 569 435 632 δέ
458 571 605 654 τύραννος
631 570 765 646 σἰκοόσας
791 583 883 634 ταῦτα
910 571 960 633 καλ
987 572 1151 656 ὑπερζέσας
1178 581 1219 658 τῷ

187 676 278 754 θυμῷ
301 668 351 730 καί
378 670 524 732 λεόντειον
551 666 568 730 δ
593 669 753 748 πνθήκειος
780 671 891 750 βρόξας
918 670 969 732 καλ
994 671 1111 746 πάντας
1140 668 1213 751 μεθ’

161 768 301 848 ιόβρεως
320 767 468 841 ἀπελάσας
485 766 536 828 καλ
553 767 606 828 τδν
629 769 786 851 Θεόδωρον
807 769 954 850 έξορίσας,
978 764 1039 830 ew
1063 771 1144 830 οὕτω
1163 769 1216 830 καὶ
1293 845 1295 858 Ι

187 867 239 928 τὸν
265 865 357 948 μέγαν
380 865 561 946 Νικηφόρον
588 875 642 945 τῆς
670 866 783 940 πόλεως
810 867 934 941 ἐξεώσας
961 867 1012 928 καλ
1038 869 1214 950 περιορίσας
1293 893 1296 945 y

187 963 416 1044 άντιχειροτονεῖ
446 965 499 1026 τὸν
533 962 592 1026 άπὸ
625 966 805 1046 σπαθαρίων
840 965 987 1027 Θεόδοτον
1019 965 1052 1026 τὸ
1087 965 1214 1044 ἐπίκλην
1293 977 1295 992 ¹

186 1065 371 1142 Κασσιτερᾶν
394 1060 445 1122 καλ
462 1071 515 1140 τῆς
533 1060 669 1141 θυμέλης
688 1062 744 1141 την
762 1065 965 1145 προσηγορίαν
983 1063 1212 1142 ἐπειλημμένον.

186 1158 237 1220 καὶ
264 1160 358 1233 οθτως
381 1157 397 1221 ὃ
421 1157 570 1238 ἀλιτήριος
597 1158 648 1220 καὶ
675 1159 877 1242 θηριότροπος
905 1166 1016 1239 μᾶλλον
1043 1159 1065 1241 ἢ
1094 1164 1212 1243 θηριώ-

148 1281 172 1319 ιο
186 1281 281 1337 νυμος
307 1257 450 1340 ἐπαρθελς
481 1256 555 1317 κατὰ
582 1267 636 1337 τῆς
666 1257 816 1338 εὐσεβείας
846 1258 986 1337 μειζόνως
1018 1258 1124 1320 ἐδίωκε
1156 1260 1211 1339 τὴν

186 1357 345 1436 ἐκκλησίαν
367 1364 421 1417 τοῦ
439 1362 515 1417 θεοῦ
536 1354 587 1416 καί
608 1355 732 1437 ἐπόρθει
755 1355 873 1436 σφόδρα
896 1355 1024 1439 σφόδρα,
1048 1355 1151 1440 μέχρις
1172 1351 1209 1419 οὗ

185 1464 291 1516 τοῦτον
315 1455 440 1527 ἐνδίκως
463 1450 483 1532 ἡ
506 1455 576 1514 θεία
599 1455 669 1533 δίκη
693 1459 847 1534 μετῆλθεν.

256 1546 301 1614 Οὕ
324 1553 380 1631 την
402 1554 545 1632 κακίστην
567 1551 683 1634 γένεσιν
711 1551 761 1613 καλ
785 1554 954 1633 μοχθηρίαν
983 1552 1033 1614 καλ
1057 1560 1206 1635 θεοστυγῆ
1297 1540 1298 1622 λ

185 1652 357 1733 προαίρεσιν
380 1649 431 1711 καλ
454 1650 629 1731 δυσσέβειαν
651 1649 702 1711 καλ
726 1650 779 1730 μέν
802 1674 833 1732 γε
856 1650 907 1712 καλ
925 1651 980 1730 τὴν
998 1652 1133 1732 χαλεπὴν
1156 1661 1205 1713 τοῦ

145 1771 171 1810 15
185 1751 254 1830 βίου
277 1749 488 1831 καταστροφὴν
506 1747 522 1811 ὃ
542 1748 700 1823 θεσπέσιος
719 1749 898 1831 Νικηφόρος
921 1751 1090 1832 διαρρήδην
1110 1757 1206 1830 στηλι-

185 1849 278 1909 τεόων
297 1848 417 1925 φάσκει·
440 1854 558 1932 παρορᾷ
577 1848 661 1926 θεός,
680 1847 729 1909 καλ
748 1840 817 1930 ἦρξε
835 1843 908 1908 καθ’
928 1845 1014 1928 ἡμῶν
1033 1847 1206 1928 ἅνθρωπος,

184 1945 242 2007 οὐκ
259 1939 329 2006 οἶδα
351 1947 379 2006 εἰ
395 1944 561 2027 άνθρωπον
584 1945 639 2026 χρὴ
664 1945 768 2027 λέγειν,
791 1945 864 2006 άλλδι
882 1946 923 2025 μὴ
943 1947 1056 2026 θηρίον
1079 1946 1207 2007 καὶτῶν

184 2045 303 2125 θηρίων
334 2042 512 2126 ἀγριώτερόν
536 2066 566 2104 τε
597 2042 647 2104 καλ
678 2044 859 2126 πικρότερον.
905 2044 935 2103 τί
962 2043 1017 2124 γὰρ
1050 2053 1106 2124 τῆς
1133 2063 1206 2125 συμ-

185 2153 282 2222 φορᾶς
309 2143 418 2221 ταύτης
445 2141 639 2223 ἐλεεινότερον
666 2141 716 2203 καλ
743 2151 796 2221 τῆς
822 2142 979 2222 δυστυχίας
1006 2141 1205 2226 άθλιώτερον;

145 2263 171 2302 κο
185 2237 289 2318 ἡλίκον
311 2240 405 2302 κακὸν
428 2241 470 2312 είς
492 2240 548 2318 τὴν
571 2241 722 2319 βασίλειον
745 2239 839 2321 ἀρχὴν
862 2240 1068 2320 εἰσεκώμασεν,
1093 2243 1206 2321 διφυὴς

109 2408 112 2412 Α
185 2335 239 2415 μὲν
265 2337 298 2398 τὸ
321 2337 407 2420 γένος
434 2336 485 2398 καλ
512 2338 747 2419 μιξοβάρβαρος,
775 2338 935 2416 πολυειδὴς
963 2335 995 2398 δέ
1018 2338 1071 2400 τὸν
1095 2340 1205 2420 τρόπον
1297 2359 1298 2430 y

184 2435 234 2496 καὶ
261 2434 456 2518 ἀνελεύθερος
482 2435 533 2496 καὶ
559 2435 615 2514 την
642 2437 768 2517 γνώμην
791 2434 963 2515 άστάθερος.
1010 2434 1042 2496 τὸ
1067 2433 1123 2515 μέν
1152 2431 1206 2498 οὖν

183 2543 332 2614 προσεχῶς
359 2533 438 2618 αὐτῷ
463 2532 656 2616 δπηργμένον
684 2532 734 2594 καλ
761 2538 880 2606 πολλοῖς
907 2533 1060 2614 γνώριμον
1092 2533 1127 2596 ἐκ
1154 2545 1206 2614 τῆς

180 2628 342 2714 Ἀρμενίων
365 2630 482 2712 ὡρμᾶτο
505 2641 571 2715 γῆς,
596 2632 672 2694 ὅθεν
692 2633 785 2694 εἰπεῖν
808 2630 840 2693 τὸ
859 2632 1028 2712 δύστροπον
1046 2630 1098 2693 καὶ
1117 2634 1206 2694 κακό-

256 2801 325 2850 3-8
339 2794 526 2851 Theosten’cti
539 2795 599 2849 vita
613 2795 732 2848 Nicetae
746 2812 787 2864 cp.
803 2800 851 2861 θός
866 2799 908 2848 37.
923 2826 957 2834 -
974 2801 1008 2848 15
1022 2793 1106 2848 Hunc
1120 2795 1205 2850 Nice⁴

183 2869 266 2939 phori
283 2868 377 2922 locum
395 2868 425 2921 in
445 2867 529 2922 editis
548 2867 608 2920 eius
628 2867 760 2935 open'bus
778 2883 834 2920 non
853 2866 956 2920 inveni.

255 3018 271 3064 2
295 3012 484 3079 ἀκουσόμεθα
506 3008 595 3062 AGN.
624 3040 658 3048 —
688 3007 769 3078 μήτοι
796 3028 827 3078 γε
852 3007 945 3062 AMR.
975 3040 1008 3048 -
1037 3013 1054 3061 4
1075 3008 1202 3063 λεόντιον

184 3082 371 3136 11111111-
390 3080 526 3147 πιθήκιος
539 3080 646 3133 BELN
665 3081 782 3142 πιθικδς
795 3080 821 3133 Α
838 3078 975 3146 πιθήνιος
991 3080 1023 3134 R.
1045 3111 1078 3119 —
1099 3085 1115 3133 8
1136 3097 1203 3134 κασ-

183 3163 295 3223 σιτερᾶν
318 3153 379 3223 (θιν
397 3153 431 3223 Β)
449 3152 530 3205 ΑΒΝ
553 3160 724 3220 κασσιτηρᾶν
748 3150 808 3205 rell.
834 3184 865 3190 -
897 3156 928 3204 11
954 3148 1066 3220 σφόδρα
1091 3149 1203 3220 σφόδρα

182 3225 317 3278 ABDEL
341 3225 429 3294 αὐτὴν
448 3221 559 3292 σφόδρα
573 3223 600 3276 V
619 3221 730 3290 σφόδρα
748 3222 890 3277 01111-
912 3228 946 3276 14
965 3222 1014 3291 μέν
1034 3241 1064 3290 γε
1083 3223 1134 3275 καλ
1152 3223 1202 3290 τὴν

182 3297 230 3349 ΑΒ
250 3295 300 3364 μέν
319 3315 350 3364 γε
367 3296 419 3364 τὴν
433 3294 537 3349 OELN
555 3292 606 3363 μέν
619 3314 664 3348 τοι
682 3313 713 3364 γε
731 3293 783 3362 τὴν
797 3293 824 3347 V
842 3293 937 3363 μέντοι
951 3293 1000 3347 καλ
1014 3295 1075 3362 (om.
1090 3293 1154 3363 τὴν)
1170 3294 1201 3346 R.

183 3399 217 3405 -
237 3371 269 3418 17
289 3363 379 3434 λέγειν
397 3365 450 3436 χρή
469 3364 553 3418 GRV.
577 3397 611 3404 -
637 3370 670 3418 18
689 3363 856 3433 πικρότερόν
874 3385 904 3420 τε
927 3365 976 3419 καλ
994 3361 1161 3434 ἀγριότερον
1179 3365 1202 3417 Α

183 3466 445 3535 ἀπανθρωπότερόυ
466 3489 497 3523 τε
518 3471 567 3523 καλ
592 3471 764 3539 ἀγριώτερον
782 3470 813 3523 Β.
839 3503 872 3509 -
897 3475 931 3523 20
953 3450 1002 3532 είόἱ
1018 3465 1202 3541 βασίλειονΒ

183 3539 223 3598 εἰς
235 3538 287 3604 τὴν
301 3537 444 3607 βασιλείαν
454 3540 479 3590 Α
493 3542 553 3607 (om.
568 3541 600 3593 ίκ
613 3548 727 3609 utroque
741 3540 848 3610 ἀρχὴν).
859 3573 894 3580 -
908 3538 1086 3610 εἰσεκόμασεν
1099 3539 1201 3593 OLRV

184 3605 353 3673 εἰσεκόμισεν
372 3610 462 3675 (-ησεν
480 3609 520 3676 Μ)
539 3610 592 3663 AN
594 3651 599 3662 .
