2617 3909
198 224 265 292 686
510 228 697 280 mmor
714 226 897 280 Μοοωιοω

198 374 232 438 ἐν
253 381 293 460 τῷ
316 373 379 457 ἀέρι
401 375 452 437 καί
476 373 620 448 θέλοντας
641 373 733 436 αύτδν
756 375 881 437 κωλύειν
903 374 976 436 ὥστε
999 373 1039 454 μή
1064 375 1225 454 διαβῆναι.

198 483 258 534 τῶν
280 470 312 534 δέ
335 472 527 555 δδηγούντων
548 472 799 554 ἀντιμαχομίνων,
822 468 958 557 ἀπῄτουν
985 472 1092 534 ἐκεῖνοι
1117 471 1223 554 λόγον,

198 572 227 633 εί
248 571 289 651 μή
316 570 491 644 ὑπεύθυνος
518 568 621 644 αύτοῖς
647 572 703 651 εἴη.
748 569 938 651 βουλομένων
960 571 1064 632 τοίνυν
1087 580 1224 652 συνᾶραι

198 670 287 750 λόγον
310 666 369 730 ἀπό
392 679 445 748 τής
466 667 605 750 γενέσεως
627 669 731 749 αὐτοῦ,
755 669 791 732 ού
815 669 1002 754 συνεχώρουν
1025 669 1057 730 οί
1077 667 1133 729 τὸν
1151 664 1223 729 Ἀν-

170 768 306 828 ετώνιον
329 765 520 847 ὁδηγοῦντες,
548 765 583 827 τὰ
606 763 660 846 μέν
683 765 741 828 άπὸ
765 776 817 847 τῆς
839 765 991 849 γενέσεως,
1020 765 1172 848 λέγοντες,
1206 767 1221 830 δ

198 865 301 945 κύριος
327 861 507 943 ἀπήλειψεν,
534 859 590 942 ἀφ’
611 857 648 926 ού
672 862 704 926 δέ
731 863 832 946 γέγονε
859 865 987 946 μοναχὸς
1014 863 1064 925 καὶ
1090 871 1133 950 τῷ
1158 871 1224 950 θεῷ

198 959 341 1024 συνέθετο
369 966 522 1023 ποιεῖσθαι
548 961 600 1023 τὸν
627 961 716 1044 λόγον
743 962 859 1036 ἐξεστιν.
905 961 955 1024 καί
977 962 1015 1042 δή
1038 961 1103 1024 τότε
1127 986 1222 1043 κατη-

198 1059 368 1140 γορούντων
390 1057 484 1120 αύτοῦ
507 1058 622 1139 καὶμὴ
649 1059 841 1142 ἐλεγχόντων,
867 1060 1023 1142 ἐλεύθερος
1048 1058 1176 1141 γέγονεν
1201 1059 1219 1139 ή

199 1154 269 1230 ὁδός
286 1156 366 1241 αύτῷ
381 1156 431 1218 καί
449 1155 606 1231 ἀκώλυτος.
642 1157 693 1219 καί
711 1159 878 1241 παραυτίκα
895 1153 973 1220 είδεν
991 1156 1097 1220 ἑαυτὸν
1117 1157 1219 1240 ὥσπερ
1250 1157 1252 1160 ’

158 1275 185 1316 ιο
198 1255 355 1338 ἐρχόμενον
378 1255 420 1329 είς
442 1254 558 1335 ἐαυτόν,
580 1254 631 1316 καί
653 1265 707 1317 τού
730 1254 784 1336 μέν
807 1261 914 1338 φαγεῖν
936 1255 1106 1335 ἐπελάθετο,
1134 1256 1220 1334 ἔμενε

199 1351 230 1415 δέ
253 1352 286 1414 τὸ
309 1353 414 1416 λοιπόν
431 1363 484 1434 τῆς
502 1351 613 1436 ήμέρας
629 1352 680 1415 καί
704 1349 745 1416 δι’
766 1354 836 1433 ὅλης
854 1364 907 1434 τῆς
926 1354 1033 1427 νυκτὸς
1055 1352 1219 1434 εὐχόμενος

182 1450 249 1513 καί
271 1452 424 1524 στενάζων.
465 1450 614 1531 ἐθαύμαζε
636 1451 692 1534 γὰρ
714 1451 901 1533 λογιζόμενος
922 1451 997 1534 πρὸς
1015 1452 1124 1525 ποίους
1143 1448 1219 1531 ἡμῖν
1292 1481 1293 1486 ¹

126 1586 129 1590 -
197 1548 276 1610 ἐστιν
299 1546 319 1628 ή
342 1550 421 1628 πάλη
444 1548 495 1610 καί
522 1548 572 1610 διὰ
599 1549 701 1612 πόσων
723 1550 825 1614 πόνων
848 1549 904 1631 ἔχει
931 1573 975 1623 τις
997 1551 1143 1630 διαβῆναι
1165 1550 1218 1612 τὸν

198 1643 283 1728 ἀέρα,
315 1645 366 1707 καὶ
392 1645 607 1727 ἐμνημόνευεν,
637 1647 683 1709 ότι
709 1648 795 1711 τοῦτό
822 1647 900 1710 ἐστιν
927 1643 944 1708 δ
972 1647 1068 1729 ἔλεγεν
1095 1645 1112 1708 δ
1142 1645 1218 1710 ἀπό-

158 1765 184 1805 ισ
198 1749 311 1817 στολος·
330 1743 404 1814 κατὰ
422 1743 473 1806 τόν
491 1742 618 1825 ἀρχοντά
635 1755 689 1826 τῆς
707 1744 841 1820 ἐξουσίας
858 1754 912 1807 τού
932 1743 1026 1828 ἀέρος.
1068 1744 1101 1806 ἐν
1120 1745 1217 1831 τούτῳ

197 1840 252 1923 γὰρ
281 1840 297 1903 δ
325 1840 431 1922 ἐχθρός
457 1841 514 1922 ἔχει
540 1840 597 1920 τήν
623 1841 760 1916 ἐξουσίαν
783 1842 877 1928 ἐντῷ
902 1844 1048 1924 μάχεσθαι
1072 1841 1125 1903 καὶ
1152 1864 1218 1904 πει-

198 1945 308 2020 ρᾶσθαι
336 1939 510 2001 διακωλύειν
537 1939 607 2014 τούς
637 1938 851 2022 διερχομένους.
902 1941 976 2004 όθεν
1009 1941 1134 2020 μάλιστα
1165 1940 1218 2001 καὶ

196 2034 325 2122 παρῄνει
351 2034 456 2118 λέγων·
488 2036 646 2118 ἀναλάβετε
675 2038 731 2116 τήν
757 2041 926 2101 πανοπλίαν
954 2048 1007 2101 τοῦ
1038 2044 1131 2118 θεοῦ,
1165 2039 1217 2098 ἵνα

197 2137 350 2215 δυνηθῆτε
372 2133 543 2214 ἀντιστῆναι
564 2135 597 2196 ἐν
620 2145 655 2220 τῄ
679 2134 774 2221 ήμίρμ
796 2145 832 2222 τή
855 2143 988 2222 πονηρᾷ,
1014 2136 1095 2209 ὅπως
1118 2134 1216 2216 μηδὲν

155 2254 184 2293 εο
197 2233 271 2314 ἔχων
294 2231 310 2296 δ
333 2232 440 2314 ἐχθρὸς
462 2232 556 2314 λέγειν
578 2233 645 2315 περὶ
667 2231 754 2313 ήμῶν
777 2238 894 2311 φαῦλον
916 2239 1132 2319 καταισχυνθῇ.

263 2331 320 2394 Διὸ
343 2332 446 2392 τοίνυν
463 2329 629 2404 ἀνενδότως
646 2330 830 2411 ἐπιμένωμεν
853 2339 887 2416 τῄ
907 2329 1028 2410 ἀσκήσει
1049 2332 1216 2413 γινώσκον-
1293 2365 1294 2368 “

269 2497 302 2547 15
321 2491 390 2560 Eph.
406 2498 436 2559 ο,
455 2499 479 2546 ο.
503 2525 539 2534 -
563 2499 596 2546 ιε
614 2493 686 2564 Eph.
702 2499 731 2560 6,
753 2499 793 2547 13.
816 2525 850 2533 -
876 2498 908 2547 ιο
927 2493 982 2547 Tit.
998 2499 1027 2560 ε,
1042 2499 1067 2548 ε.
1087 2525 1123 2534 -
1143 2501 1214 2548 21-

192 2582 223 2634 1).
239 2567 300 2631 687,
316 2568 348 2616 13
367 2563 541 2618 Athanasius
559 2567 595 2620 τό.
610 2583 650 2634 εγ.
668 2571 701 2620 18
720 2571 746 2621 et
764 2570 796 2618 19
815 2565 911 2634 Migne
930 2569 981 2619 869
990 2563 1018 2619 0.

268 2704 285 2751 4
303 2696 457 2767 γεννήσεως
470 2697 568 2752 EAth.
585 2731 619 2739 —
638 2705 654 2752 5
669 2698 823 2769 γεννήσεως
836 2697 917 2752 BDE
935 2697 1067 2769 γενέσεως
1083 2699 1173 2754 αύτού
1189 2700 1214 2754 G

195 2768 361 2840 (γεννήσεως
374 2770 461 2823 αὐτοῦ
475 2769 560 2840 Ath.).
575 2801 610 2810 -
630 2775 645 2823 ⁷
660 2778 775 2840 ποιήσαι
789 2770 886 2823 RAth.
901 2801 936 2810 —
954 2770 1004 2826 τὸν
1018 2786 1068 2824 om.
1084 2770 1137 2823 RV
1147 2771 1214 2826 Ath.

196 2874 230 2883 -
254 2846 270 2896 8
294 2839 429 2908 ἐλευθέρα
450 2840 525 2894 PRV
534 2840 599 2894 Ath.
625 2873 660 2882 -
688 2847 719 2894 11
744 2848 794 2910 τῆς
816 2847 879 2895 ante
902 2841 1003 2904 νυκτὸς
1025 2857 1075 2895 om.
1095 2841 1153 2895 ΑΡ.
1178 2874 1213 2882 -

197 2918 279 2968 1213
295 2912 369 2967 ἐστίν
382 2911 449 2981 ἡμῖν
462 2928 533 2966 rece.
544 2912 660 2981 quidam
682 2911 749 2981 ήμῑν
763 2929 814 2967 om.
827 2911 850 2965 Ε
865 2928 934 2966 rece.
946 2911 1005 2966 rell.
1030 2912 1104 2967 ἐστιν
1119 2929 1170 2968 om.
1179 2913 1213 2966 Β.

195 3017 231 3026 -
250 2990 283 3038 13
302 2983 351 3039 διά
364 2982 454 3040 πόσον
469 2981 559 3040 πόνον
572 2983 628 3038 ΑΒ.
645 3015 679 3024 —-
700 2988 733 3037 14
751 2980 938 3053 ἐμνημόνευεν
952 2983 1102 3037 ABPAth.
1128 2984 1212 3054 ἐμνη-

195 3055 330 3125 μόνευσεν
352 3055 412 3109 1611.
436 3087 470 3096 -
496 3061 527 3109 17
552 3055 600 3108 καί
621 3054 743 3128 παρῄνει
768 3054 916 3109 ABPAth.
945 3055 994 3109 καί
1016 3071 1066 3110 om.
1085 3053 1147 3109 rell.
1177 3087 1212 3095 -

197 3133 230 3181 19
250 3127 280 3182 ἐν
297 3134 331 3198 τῇ
350 3125 439 3201 ἡμέρᾳ
456 3125 592 3180 ABDGP
602 3126 667 3180 Ath.
692 3125 722 3180 ἐν
741 3142 790 3181 ουτ.
805 3125 865 3180 rell.

268 3256 284 3303 2
303 3251 352 3304 καὶ
369 3260 425 3305 τῶν
440 3249 517 3320 όδηγ.
532 3249 562 3305 P.
578 3281 611 3290 —
631 3255 648 3304 4
667 3251 700 3304 ού
715 3249 903 3322 συνεχώρουν]
923 3249 1112 3306 διεκόλυονΡ
1131 3251 1212 3320 (ἐκό-

196 3323 264 3375 λυον
277 3321 361 3389 Am).
378 3354 411 3362 —
431 3327 447 3374 5
467 3320 634 3390 ὁδηγοῦντες
650 3317 768 3383 ἐκείνοις
781 3320 908 3391 λέγοντες
920 3321 1015 3375 PAth.
1031 3352 1065 3361 -
1083 3319 1213 3392 λέγοντες

197 3407 247 3445 om.
267 3390 297 3443 P.
321 3420 355 3430 -
379 3396 394 3445 9
415 3392 602 3459 παρευθύςΡ
640 3393 729 3453 εὐθὺς
745 3392 831 3462 Ath.).
855 3425 886 3433 -
916 3398 950 3447 10
972 3393 1013 3456 είς
1036 3390 1138 3448 ἑαυτὸν
1161 3395 1211 3447 καλ

197 3461 301 3515 ἑστῶτα
320 3461 368 3514 καλ
385 3461 470 3516 πάλιν
488 3463 503 3516 δ
518 3463 603 3526 αύτδς
640 3483 656 3517 ν
675 3463 820 3530 ἀνιόντος,
838 3463 949 3518 καὶτοῦ
964 3464 1014 3534 μὲν
1028 3472 1133 3534 φαγεῖν
1150 3464 1211 3519 ἐπι-

197 3529 355 3599 λαθόμενος
378 3531 455 3599 ἔμενε
476 3533 508 3586 τό
531 3534 631 3587 λοιπὸν
652 3533 675 3585 Ρ
699 3535 816 3602 (Eadem
838 3536 895 3601 sere
916 3534 1001 3604 Am).
1026 3566 1060 3575 -
1086 3540 1118 3588 12
1143 3534 1210 3608 γὰρ]

198 3600 229 3653 δὲ
248 3600 278 3653 Ρ.
297 3631 332 3640 -
353 3605 385 3652 19
404 3601 435 3655 ἐν
452 3607 487 3673 τῇ
503 3609 615 3679 πονηρᾷ
634 3603 724 3678 ήμίρμ
742 3603 772 3656 P.
