2617 3909
512 264 701 315 XPONIKON
1051 261 1115 325 411

103 410 200 492 βολην
230 420 290 472 τῶν
321 412 502 494 πραγμάτων
533 411 660 491 τούτων,
692 410 743 473 καὶ
774 411 819 473 ότι
845 412 934 490 δίκην
960 410 1062 485 δόντες
1089 412 1121 473 οἰ

99 503 242 571 Ἰουδαῖοι
269 508 318 571 διὰ
348 510 460 571 τούτων
488 507 626 570 ἁπάντων
653 509 807 582 τεόξονταί
830 531 911 581 τινος
932 507 1118 587 ἀντιλήψεως

105 605 230 688 ἀγγέλου
248 606 439 686 πεμφθέντος
457 607 500 681 εἰς
517 606 573 686 τὴν
590 607 712 669 ἐκείνων
729 607 883 688 βοήθειαν.
915 606 949 668 ἐν
966 613 1005 691 τῷ
1019 612 1118 691 καιρῷ,

103 705 160 786 γάρ
189 722 297 785 φησιν,
327 704 428 790 ἐκείνῳ
456 704 648 785 ἀναστήσεται
672 704 797 785 Μιχαὴλ
823 702 841 765 6
865 702 953 785 μέγας
975 703 1073 785 ἅρχων
1101 704 1117 768 6

103 801 273 882 ἐφεστηκὼς
300 802 348 865 ἐκί
374 802 444 875 τοὺς
466 802 551 877 υἱοὺς
573 813 626 865 τοῦ
649 808 724 864 λαοῦ
747 820 816 882 σον,
843 801 893 864 καί
916 803 994 865 ἐσται
1015 801 1118 882 καιρὸς
1145 822 1157 863 ο

101 900 254 981 θλίψεως,
282 895 344 975 οἷος
372 900 408 962 οὐ
431 899 551 983 γέγονεν
573 897 627 980 ἀφ’
649 894 686 963 οὗ
708 899 860 982 γεγένηται
882 901 973 975 ἐθνος
996 899 1044 963 ἐτιί
1066 910 1118 981 τῆς

103 1007 160 1080 γῆς
187 997 237 1059 καί
264 997 318 1073 ἕως
345 1007 399 1061 τοῦ
423 1008 529 1081 καιροῦ
552 999 675 1061 ἐκείνου.
720 997 771 1060 καί
793 999 826 1061 ἐν
848 1006 888 1084 τῶ
905 1006 997 1083 καιρῷ
1017 999 1118 1083 ἐκείνῳ

103 1096 274 1175 σωθήσεται
297 1096 366 1170 λαὸς
384 1106 443 1170 πῶς
461 1096 477 1159 6
495 1096 695 1180 γεγραμμένος
707 1097 745 1173 ,ἐν
762 1105 798 1182 τῇ
817 1097 921 1183 βίβλῳ,
940 1090 1019 1159 τοῦτ’
1040 1097 1119 1159 ἔστιν

104 1194 138 1255 οἱ
159 1195 305 1276 σωτηρίας
328 1192 410 1267 όντες
432 1192 518 1269 όίξιοι.

170 1285 257 1355 Ἀλλόι
279 1291 311 1353 τὸ
334 1292 515 1371 ζητούμενον
538 1290 622 1355 οότιω
644 1291 695 1353 καί
717 1301 775 1353 νῦν
792 1291 1003 1354 ἀναδέὃεικται.
1041 1293 1070 1354 τί
1086 1290 1159 1353 661⁰

104 1388 193 1451 τοῶτό
216 1388 308 1466 ἐστιν;
332 1388 377 1450 ότι
398 1388 449 1450 καὶ
466 1389 591 1472 ηρόνονς
610 1389 715 1471 ῶρισεν
732 1390 766 1452 ἐν
787 1396 849 1464 τοῖς
870 1396 973 1463 κακοῖς
994 1390 1119 1471 τούτοις,

105 1486 204 1567 ὥσπερ
231 1485 295 1548 ἐκεῖ
317 1486 366 1565 ἔτη
389 1484 423 1549 ν’
444 1487 495 1549 καὶ
517 1487 588 1567 μετὰ
614 1498 706 1549 ταῦτα
729 1486 767 1550 ο’.
813 1489 922 1567 ἴδωμεν
944 1489 1047 1550 τοίνυν
1068 1486 1119 1549 καί

105 1583 250 1665 ἐνταῦθα,
273 1586 304 1647 εἴ
321 1608 388 1647 τινα
409 1586 517 1668 χρόνον
535 1584 630 1667 ὁρίζει.
668 1595 728 1647 κοῶ
746 1584 784 1665 δη
796 1594 889 1662 ,τοῦτο
908 1586 986 1648 ἔστιν
1007 1585 1119 1667 enesim

105 1683 139 1745 ἐν
167 1688 228 1756 τοῖς
256 1682 326 1762 μετὰ
352 1692 443 1745 ταῦτα
471 1682 708 1764 λεχθησομένοις.
754 1683 856 1763 ἐπειδὴ
882 1683 938 1766 γὰρ
965 1684 1000 1745 τὰ
1026 1682 1119 1745 πολλὰ

105 1780 158 1841 καὶ
182 1781 291 1862 μεγάλα
312 1778 422 1859 ἢκουσε
444 1783 534 1863 κακοί,
562 1781 614 1843 τὸν
640 1781 815 1863 ἐμπρησμὸν
836 1792 890 1862 τῆς
911 1782 1037 1862 πόλεως,
1063 1781 1119 1861 τὴν
1133 1802 1159 1843 15

106 1877 280 1961 ἀνατροινην
302 1886 355 1940 τοῦ
373 1880 479 1960 νόμον,
501 1879 556 1959 την
574 1880 783 1961 αἰχμαλωσίαν,
806 1878 951 1960 ἐκνθομεῖ
963 1879 1068 1941 λοιπόν
1086 1880 1119 1942 τὸ

106 1974 189 2049 τέλος
212 1975 310 2038 αὐτῶν
333 1983 442 2056 μαθεῖν
464 1976 515 2039 καί
533 1978 620 2052 εἴτις
641 1978 722 2040 ἐσται
743 1988 803 2039 τῶν
826 1988 990 2059 σνμφορῶν
1007 1978 1119 2039 τούτων

106 2074 268 2154 μεταβολή,
295 2073 345 2135 καί
368 2076 515 2158 διερωτῶν
537 2076 632 2157 ἐλεγεν
655 2076 762 2149 οὕτως·
785 2076 882 2157 κύριε,
909 2077 939 2138 τί
958 2075 994 2136 τὰ
1017 2076 1120 2155 ἐσχατα

105 2172 235 2248 τούτων;
262 2170 312 2233 καί
334 2167 428 2234 εἶπεν·
457 2174 559 2255 δεῦρο,
582 2173 711 2254 Δανιήλ,
740 2173 784 2235 ότι
810 2172 1048 2255 ἐμπεφραγμίνοι
1070 2172 1120 2234 καὶ

106 2267 336 2351 ἐσφραγισμένοι
363 2269 438 2331 εἰσίν
466 2271 497 2333 ολ
521 2270 601 2353 λόγοι
624 2270 680 2344 ἕως
702 2280 808 2351 καιροῦ
830 2270 929 2353 κόρας,
952 2270 984 2331 τὸ
1007 2268 1120 2348 ἀσαφὲς
1133 2293 1159 2333 2ο

106 2376 168 2428 τῶν
191 2365 354 2449 εἰρημένων
377 2367 583 2448 αἰνιττόμενος.
629 2363 692 2429 εἶτα
714 2367 764 2429 καί
786 2368 841 2448 τὴν
859 2369 957 2430 αἰτίαν
977 2378 1030 2449 τῆς
1048 2386 1119 2451 σνγ-

107 2464 264 2545 χωρήσεως
290 2475 349 2526 τῶν
375 2476 488 2527 κακῶν·
516 2464 571 2539 ἕως
597 2464 635 2528 όλν
662 2466 799 2548 ἐκλεγῶσι
825 2465 875 2527 καί
901 2467 1120 2529 ἐκλενκανθῶσι

106 2562 158 2623 καὶ
181 2568 345 2644 πνρωθῶσι
368 2565 484 2644 πολλοί,
507 2563 558 2625 καί
579 2563 784 2644 ἀνομήσονσιν
806 2562 927 2645 όλνομοι,
954 2564 1004 2626 καὶ
1027 2565 1119 2643 συνή-

182 2756 198 2803 3
217 2750 288 2805 Dan.
305 2758 349 2818 12,
367 2759 389 2807 1.
415 2785 448 2793 -
473 2759 577 2823 10-p.
593 2758 658 2820 412,
673 2759 706 2807 22
726 2752 821 2821 Chrys.
837 2753 899 2807 adv.
913 2753 1035 2809 Judaeos
1053 2754 1087 2821 V,
1102 2760 1118 2809 8

107 2822 205 2892 Migne
223 2822 254 2875 T.
270 2828 313 2890 48,
328 2828 379 2878 895
394 2825 460 2879 med.
480 2856 514 2865 -
535 2830 567 2879 18
585 2824 656 2879 Dan.
677 2830 720 2892 12,
734 2829 764 2891 83
781 2828 806 2877 0.
826 2856 859 2864 -
879 2831 912 2878 22
931 2825 1002 2879 Dnn.
1019 2831 1060 2894 12,
1077 2829 1117 2879 10.

110 3002 114 3010 ’
181 2996 325 3055 3ἐκείνοο
348 3000 369 3053 L
398 2999 509 3056 ἐκείθεν
531 3001 566 3055 N.
595 3034 629 3042 -
657 3007 673 3055 8
697 3001 763 3063 λαὸς
788 3010 845 3064 πῶς
868 3001 883 3056 6
906 3001 1041 3055 ABENP
1063 3010 1120 3064 πῶς

105 3072 175 3133 λαὸς
194 3071 208 3125 6
227 3070 253 3124 V
275 3079 331 3133 κῶς
354 3071 455 3135 όλαὸς
477 3072 492 3126 6
511 3073 555 3126 FL
579 3072 680 3135 όλαός
702 3080 758 3136 κᾶς
776 3072 791 3127 6
810 3071 903 3127 Ochr.
931 3074 998 3137 λαός
1015 3090 1065 3128 om.
1085 3074 1118 3127 R.

107 3176 142 3185 -
163 3148 197 3197 10
220 3142 417 3198 ἀναθέὃεικται
440 3144 513 3197 APR
535 3142 733 3199 ἀποδέδεικται
756 3143 816 3198 rell.
832 3142 927 3213 Chrys.
953 3176 987 3184 -
1015 3151 1046 3199 11
1071 3146 1120 3199 καί

107 3232 159 3271 om.
176 3213 210 3267 N.
236 3246 269 3253 -
295 3220 327 3268 13
346 3214 394 3286 οη]
414 3214 444 3270 61
463 3214 511 3269 BC
529 3222 555 3270 et
571 3231 641 3271 τοοο.
661 3214 797 3269 nonnulli.
821 3247 854 3255 —
880 3222 912 3269 18
930 3218 980 3270 καὶ
998 3216 1034 3285 δὴ
1053 3217 1119 3283 ἐρω-

106 3294 163 3340 τῶν
182 3285 226 3339 LP
250 3286 308 3353 (καί
327 3286 435 3353 ἐρωτῶν
454 3286 569 3357 (Ῐλιτγε.)Ι
593 3318 626 3327 -
650 3292 685 3340 20
704 3285 827 3355 ἀσφαλὲς
844 3286 879 3340 N.
904 3318 937 3326 -
961 3292 994 3340 23
1014 3285 1120 3356 ἀνομή-

107 3374 205 3411 σονσιν
224 3356 357 3411 BFMPV
375 3364 399 3413 et
416 3374 486 3412 rece.
500 3357 627 3427 plerique
652 3356 830 3426 ἀνομήσωοιν
847 3357 907 3413 rell.
922 3357 992 3412 Dan.

181 3541 198 3588 4
223 3533 237 3588 6
264 3533 348 3603 μέγας
371 3534 385 3589 6
410 3534 502 3605 όίρχων
526 3536 548 3589 Ρ
576 3535 600 3605 (6
624 3535 718 3606 ἅρχων
746 3535 761 3590 6
785 3533 870 3606 μέγας
896 3533 1058 3604 D2n.Chr.).
1085 3565 1119 3574 -

111 3647 143 3695 12
163 3640 231 3711 μετὰ
241 3623 346 3695 τἰοιῶτα
363 3643 403 3697 sic
420 3659 454 3696 κι.
471 3649 486 3697 1
505 3643 535 3701 Ρ,
655 3650 658 3657 ⁸
