2617 3909
179 189 244 255 786
492 191 679 242 Γοιεεειον
699 191 883 242 κομίτιον

177 341 309 420 εὐλαβῶς
336 339 387 401 καὶ
414 340 579 419 τιμώμενον
606 339 639 400 τὸ
667 338 888 418 ἀχειρότευιιτον
910 338 1005 399 ἐκεῖνο
1034 337 1084 398 καὶ
1113 338 1206 417 σεβά-

177 455 265 517 σμιον
283 437 480 516 ἀπεικόνισμα
500 436 588 511 πλιιξλ
606 435 813 514 τετυπωμένον
833 441 981 517 λαμπραῖς
997 433 1049 496 καὶ
1066 433 1207 516 διαυγὲσι

177 535 228 596 κοιλ
250 535 300 597 διὰ
323 535 442 616 βάθους
465 535 631 616 κεχωρηκδς
654 534 735 614 όλον,
759 533 775 597 δ
800 536 838 614 δή
859 559 936 609 τινες
958 544 1019 595 τῶν
1043 535 1208 613 δυσμενῶν

172 629 326 710 Ἑλλήνων
349 655 378 694 τε
401 632 451 694 καλ
471 629 625 696 Ἰουδαίων
647 631 829 713 ἀπαχρειούν
853 631 1046 715 πειραθέντες
1068 631 1209 706 διὲξεσαν
1290 639 1291 644 ’

151 741 319 811 ομανικῶς.
364 730 438 792 ιἰλλά
466 733 629 814 διήμαρτον
663 732 739 810 μάλα
768 741 820 810 τής
848 730 972 793 ἀνοσίου
999 731 1207 812 ἐγχειρήσεως.

179 828 268 891 ούδδν
295 828 351 910 γάρ
379 821 468 906 ήττον
495 828 543 890 ε’πλ
571 831 718 909 σχήματος
745 827 865 908 ἕστηκεν
893 827 912 908 ή
937 828 1041 911 μορφή
1069 823 1155 902 εἶδός
1180 851 1209 888 τε

172 927 229 988 ’καλ
259 928 367 1006 στολήν
394 926 445 987 καὶ
472 925 560 987 τάλλα
587 937 640 1007 τῆς
662 925 738 999 θέας
765 926 955 1000 ἀνεξάλειπτα
982 926 1034 988 κοιλ
1062 925 1210 1007 ἀλάβητα

179 1025 372 1098 διασώζουσα.
420 1025 569 1105 ἱστόρηται
595 1025 651 1106 γάρ
680 1024 834 1106 ὑποσχέσει
861 1035 914 1105 τῆς
941 1025 1099 1105 πανάγνου
1129 1047 1209 1102 παρ-

179 1123 275 1184 θένου
297 1131 332 1207 τή
357 1124 431 1204 πρός
453 1124 524 1196 τούς
546 1122 730 1196 ἀποστόλους
757 1124 923 1203 αὐτόματον
951 1122 1150 1202 ἀναδοθῆναι
1177 1121 1208 1182 τὸ

140 1243 166 1284 ιο
179 1222 341 1301 σεβάσμιον
364 1220 445 1282 τουτλ
468 1231 573 1301 χρήμα.

81 1344 121 1383 τεο
135 1342 166 1393 ιι,
238 1315 304 1380 Ὅτι
336 1317 369 1380 δὲ
401 1318 575 1400 ἀρχαιοτάτη
609 1321 723 1380 τούτων
755 1317 774 1398 ή
804 1321 924 1399 ποίησις
956 1319 1006 1380 καὶ
1037 1319 1208 1401 παράδοσις

180 1418 291 1498 μάρτυς
319 1415 373 1495 μὲν
400 1417 475 1498 πρὸς
502 1424 563 1490 τοῖς
586 1415 686 1489 ἀλλοις
709 1416 726 1479 δ
749 1423 833 1490 θεῖος
855 1417 994 1500 ἀνδριάς,
1022 1415 1059 1478 δν
1082 1417 1206 1496 ἔστησεν

1287 914 1289 1065 λ

1287 1172 1289 1264 λ

180 1513 199 1593 ή
227 1514 390 1596 αἱμόρρους
418 1515 495 1595 γυνή
524 1522 564 1599 τῷ
587 1522 758 1600 θεραπευτῇ
782 1519 900 1600 Χριστῷ
924 1515 1005 1596 παρὰ
1031 1521 1072 1598 τῷ
1096 1514 1207 1593 ἑαυτῆς
1287 1581 1288 1589 ¹

180 1615 252 1698 οἴκφ
281 1614 393 1693 στήλην
422 1613 637 1694 ἐναργεστάτην
669 1612 719 1674 κοιλ
746 1612 978 1694 ἀπαράγραπτον
1005 1614 1126 1694 κήρυκα
1154 1621 1204 1673 τοῦ

143 1734 168 1775 ιε
182 1712 338 1790 θαύματος
360 1717 425 1784 ταῖς
448 1709 598 1789 μετέπειτα
620 1718 735 1793 γενεαῖς
757 1713 789 1774 τὸ
813 1707 877 1772 κατ’
895 1711 990 1791 αὐτὴν
1009 1717 1205 1790 θαυματουρ-

181 1806 278 1892 γηθλν
301 1810 471 1890 παράδοξον
490 1810 720 1888 δημοσιεύουσα.
761 1809 828 1890 περὶ
850 1803 885 1870 ού
910 1808 960 1870 καὶ
979 1808 994 1872 δ
1015 1808 1107 1890 μέγας
1126 1807 1205 1888 παρὰ

182 1914 244 1981 τοῖς
266 1907 470 1987 είκονομάχοις
494 1908 670 1981 διδάσκαλος
693 1906 840 1988 Ειύσίβιος
863 1907 896 1968 ἐν
919 1917 954 1992 τῇ
979 1906 1204 1989 ἕκκλησιαστική

183 2007 296 2090 ἱστορίη
315 2006 524 2084 μνημονεύσας
538 2005 573 2065 τὰ
586 2007 748 2084 τελούμενα
766 2005 908 2084 θαύματα
926 2005 1006 2088 παρὰ
1019 2015 1073 2084 τής
1088 2005 1204 2066 ἐκεῖθεν

185 2102 339 2183 φυομένης
367 2103 447 2181 ἱερᾶς
475 2103 525 2163 καὶ
547 2104 733 2183 θεοβλάστου
763 2103 852 2182 πόας,
880 2103 930 2164 καλ
958 2101 998 2176 ὡς
1025 2095 1065 2182 ήν
1094 2104 1205 2164 ἅπασιν

144 2224 170 2264 ιο
183 2202 356 2274 ἀλεξίκακον
379 2199 576 2282 ἐπικούρημα,
599 2201 727 2282 ἐπήγαγε
751 2202 875 2279 φάσκων
899 2202 955 2263 ὅτι·
979 2200 1028 2262 καλ
1051 2211 1113 2262 τῶν
1132 2201 1204 2262 ἀπο-

179 2298 295 2360 στόλων
318 2298 369 2371 τὰς
392 2299 509 2372 εἰκόνας
534 2299 649 2379 Πέτρου
672 2299 723 2360 καλ
745 2300 871 2360 Παύλου
899 2299 949 2360 καλ
972 2300 1064 2361 αύτού
1091 2300 1130 2378 δή
1156 2309 1205 2361 τοῦ

184 2402 315 2477 Χριστοῦ
339 2396 390 2458 διδι
413 2398 574 2477 χρωμάτων
601 2397 635 2458 ἐν
658 2403 787 2478 γραφαῖς
810 2398 977 2476 σωζομάνας
1000 2398 1205 2478 ἱστορήσαμεν.

184 2497 295 2575 μάρτυς
318 2493 350 2556 δλ
373 2494 422 2555 καλ
444 2492 464 2573 ή
484 2494 566 2575 όφις,
590 2496 767 2567 διδάσκαλος
791 2494 938 2575 ἀψευδής,
961 2495 994 2556 τό
1013 2519 1043 2556 τε
1062 2496 1206 2574 μήκιστον

184 2603 237 2654 τού
261 2593 370 2673 χρόνου
394 2603 498 2671 σαφῶς
522 2595 654 2654 δείκνυσι
677 2592 727 2654 καί
748 2603 807 2654 τῶν
825 2603 939 2655 σεπτῶν
957 2603 1039 2654 ναῶν
1063 2591 1082 2673 ή
1103 2595 1206 2672 κτίσις,

143 2714 169 2754 ει
184 2692 225 2752 ἔτι
247 2690 298 2751 καὶ
320 2701 379 2751 τῶν
403 2689 552 2752 ἀνέκαθεν
575 2693 663 2774 ἱερῶν
687 2702 801 2752 σκευῶν
824 2691 904 2772 παρὰ
923 2701 982 2752 τῶν
1000 2692 1206 2772 εὐσεβούντων

183 2786 202 2867 ή
220 2790 340 2867 ποίησις
363 2787 413 2849 καλ
436 2788 597 2869 ἀφιέρωσις
619 2787 741 2871 ἀπειρος
760 2796 800 2874 τῷ
818 2789 928 2868 πλήθει
947 2791 1145 2870 τυγχάνουσα,
1170 2789 1206 2850 ού

183 2888 243 2966 μήν
262 2885 294 2948 δὲ
312 2885 386 2947 ἀλλά
403 2886 453 2946 καλ
472 2886 559 2947 αύταὶ
577 2889 612 2947 αἱ
627 2889 735 2968 πτύχαι
753 2887 823 2961 τούς
843 2887 941 2970 ἱεροὺς
960 2888 1073 2960 τύπους
1092 2888 1206 2962 ἔξωθεν

184 2983 309 3064 φέρουσι
327 2983 408 3064 παρὰ
426 2992 606 3066 χριστιανοῑς
624 2991 665 3068 τῷ
680 2985 837 3070 εύαγγελίφ
852 2983 1205 3065 συμπροσκυνουμάνους,

257 3198 289 3245 16
309 3192 409 3246 Ειιεολ).
425 3191 497 3246 Hist.
513 3193 580 3246 eccl.
595 3192 655 3257 VII,
674 3198 714 3246 18.

257 3364 272 3409 2
292 3360 340 3410 καλ
360 3359 491 3426 αύγέσιῦ
515 3360 642 3427 διαυγέσι
662 3364 721 3429 (σοι.
737 3362 796 3430 καλ)
811 3361 869 3414 DV.
888 3393 922 3401 -
942 3368 957 3414 5
977 3365 1079 3430 μᾶλλον
1094 3361 1153 3415 RV.
1171 3395 1200 3400 —

187 3433 220 3478 14
238 3426 458 3494 ἀπαρέγραπτον
471 3430 524 3482 EG
547 3428 784 3500 ἀπαρόγγραπτον
797 3433 860 3484 ΑΜ.
877 3464 910 3471 -
930 3437 962 3484 21
983 3429 1023 3484 δι’
1040 3433 1128 3485 αὐτοῦ
1146 3432 1200 3486 ΟΕ.

187 3527 220 3534 -
233 3504 283 3548 τοῦ
297 3506 410 3564 χριστοῦ
425 3498 502 3551 ARV
511 3499 575 3553 Eue.
590 3510 640 3554 τοῦ
654 3517 705 3554 om.
715 3501 777 3554 rell.
792 3533 825 3542 -
842 3508 875 3554 23
890 3503 907 3570 ἡ
923 3513 972 3556 om.
988 3502 1021 3554 N.
1037 3534 1070 3541 —
1087 3507 1120 3555 28
1136 3520 1201 3571 συμ-
1290 3503 1291 3512 ’

186 3565 449 3633 προσκννουμένους
468 3571 600 3636 (συνπρδς
618 3591 679 3625 κυν.
695 3571 729 3640 Α)
738 3573 789 3626 AV
807 3573 1068 3641 προσκυνουμένους
1085 3572 1146 3626 roll.
