2617 3909
166 192 232 257 604
476 192 663 245 ΓΕΩΡΓΙΟΤ
679 190 864 244 ΜΟΝΔΧΟΤ

165 340 337 421 φιλέστατον
361 338 519 421 Ἰωάννην,
551 340 602 402 τόν
634 338 797 401 ἐπίσκοπον
828 339 1186 430 Κωνσταντινουττόλεως,

164 439 219 521 οὐχ
250 438 364 522 ἕώρακα
396 438 466 518 μετά
497 447 556 499 τῶν
585 436 683 500 άλλων
713 448 767 519 τῆς
797 438 952 518 ἐκκλησίας
983 438 1187 501 διδασκάλων.

164 536 180 601 6
205 535 237 599 δὲ
264 539 352 599 πάλιν
379 534 453 618 λέγει
482 552 544 615 μοι·
569 530 715 616 Ἰωάννην
741 538 794 599 τδν
815 545 869 615 της
892 536 1047 615 μετανοίας
1074 534 1186 618 λέγεις;
1295 525 1296 552 ³

66 659 105 699 ωε
119 658 149 699 M.
163 632 237 717 λέγω
269 634 356 719 αὐτῷ·
389 635 447 695 ναί.
499 633 515 696 6
545 632 578 696 δὲ
609 631 785 715 ἀποκριθεὶς
817 632 891 715 λέγει
922 650 984 713 μοι·
1016 630 1186 714 άνθρωιτος

137 732 279 797 οέκεῖνον
301 731 333 794 ἐν
352 732 438 815 σαρκί
456 729 499 793 ὢν
518 732 593 794 ἰδεῖν
616 733 652 795 οὐ
671 733 804 794 δύναται.
845 731 910 794 ἐκεῖ
921 730 980 814 γάρ
995 731 1185 812 παρίσταται,

164 830 241 892 όντου
264 829 281 892 6
299 832 411 911 θρόνος
434 830 450 893 δ
470 830 648 903 δεσποτικός.

337 1022 384 1107 [ι’.
417 1026 506 1108 Περί
535 1028 733 1089 Θεοδοσίου
759 1036 822 1088 τοῦ
850 1022 1004 1108 μικροῦ]

230 1150 318 1213 Μετὰ
332 1150 365 1213 δὲ
375 1145 534 1233 Ἀρκάδιον
548 1151 715 1232 ἐβασίλευσε
731 1150 889 1225 Θεοδόσιος
902 1151 969 1225 υίὸς
982 1151 1075 1213 αὐτοῦ
1094 1149 1110 1211 δ
1129 1151 1181 1213 καί

162 1250 361 1333 καλλιγράφος
379 1250 428 1330 ἔτη
448 1248 504 1332 λγ’.
536 1248 587 1311 καλ
604 1248 734 1323 ἐξελθών
752 1250 942 1329 ίτιιτασθῆναι
960 1249 993 1311 ἐν
1011 1256 1050 1334 τῷ
1059 1250 1181 1337 Κάμπην

123 1371 149 1411 10
162 1346 212 1409 καὶ
236 1347 393 1428 συμπεσὼν
415 1354 455 1433 τῷ
478 1348 559 1433 ἴτττιφ
581 1347 773 1427 ἐτελεύτησεν.
816 1344 850 1421 ὃς
871 1348 923 1408 τὸν
946 1347 978 1409 ἐν
1000 1352 1179 1430 Χαλκοιτρα-

162 1446 249 1519 τείοις
271 1446 346 1507 ναόν
373 1446 464 1507 ἔκτισε
487 1455 540 1526 τῆς
562 1444 707 1507 θεοτόκου
733 1446 877 1527 πρότερον
905 1444 975 1506 όντα
999 1446 1180 1528 συναγωγὴν

159 1537 323 1622 Ἰουδαίων,
346 1542 397 1603 καί
417 1543 451 1605 τδ
469 1548 605 1625 χερσαῖον
627 1548 721 1623 τεῖχος
742 1552 795 1622 τῆς
812 1542 925 1622 πόλεως
942 1543 1107 1617 καταλύσας
1127 1543 1180 1605 καὶ

161 1636 305 1719 προσθείς
336 1636 409 1700 άλλα
439 1639 621 1719 διαστήματα
652 1641 708 1703 δόο
737 1634 925 1725 ᾠκοδόμησεν
957 1640 1054 1723 ἕτερον
1085 1648 1180 1723 τεῖχος

162 1728 202 1797 δι’
230 1732 349 1819 ἡμερῶν
376 1733 413 1810 ξ’.
455 1730 504 1816 ἐφ’
534 1730 571 1799 οὗ
603 1736 653 1799 καὶ
684 1739 715 1799 ot
739 1738 772 1801 ἐν
796 1732 912 1825 Ἐφέσῳ
940 1740 1178 1821 μαρτυρήσαντες

124 1857 148 1898 15
162 1833 265 1907 παῖδες
292 1830 320 1907 ζ’
347 1832 395 1897 ἐπὶ
422 1836 532 1897 Δεκίου
558 1835 701 1917 βασιλέως
727 1835 892 1916 άνὲστησαν
924 1836 994 1916 μετὰ
1020 1837 1070 1917 ἔτη
1101 1834 1178 1919 τοβ’.

161 1930 211 1992 καὶ
229 1932 346 2012 σεισμός
364 1932 476 2015 ἐγένετο
495 1932 584 2016 μέγας
600 1933 633 1996 ἐν
647 1934 961 1997 Κωνσταντινουτιόλει
978 1934 1028 1996 καὶ
1042 1936 1177 2015 φοβερώ-

161 2054 256 2111 τατος,
279 2030 351 2093 ὥστε
373 2038 473 2095 πεσεῖν
495 2031 531 2093 τά
553 2034 632 2115 τείχη
655 2043 709 2113 τῆς
725 2033 837 2108 πόλεως
859 2032 910 2094 καλ
932 2034 965 2095 τδ
988 2033 1064 2095 πολὺ
1088 2032 1178 2115 μέρος

62 2152 146 2193 49911.
161 2128 254 2209 αὐτῆς
277 2129 309 2191 ἐν
332 2129 489 2212 διαφόροις
510 2130 622 2211 τόποις,
644 2130 695 2192 καί
713 2130 813 2211 μέντοι
834 2130 885 2192 καὶ
901 2132 997 2212 χώρας
1014 2128 1104 2205 άλλας
1126 2130 1177 2193 καὶ

160 2227 261 2306 κώμας
279 2238 331 2307 τῆς
349 2251 378 2289 τε
399 2225 520 2313 Θρᾴκης
538 2228 588 2289 καλ
602 2229 724 2291 Πόντου
741 2228 792 2290 καί
807 2230 957 2303 Βιθυνίας
975 2228 1025 2291 καλ
1041 2231 1176 2313 Φρυγίας

120 2349 147 2388 κο
159 2323 210 2385 καί
227 2326 382 2405 Γαλατίας,
405 2325 455 2387 καλ
472 2325 666 2408 ἐπεκράτησεν
689 2325 706 2389 δ
724 2325 842 2405 σεισμὸς
864 2324 913 2387 ἐπὶ
931 2335 1029 2406 μῆνας
1046 2323 1087 2406 γ’.
1128 2326 1177 2389 διδ

159 2420 210 2483 καλ
237 2419 253 2482 δ
280 2422 417 2502 βασιλεὺς
448 2423 505 2485 σόν
536 2430 575 2507 τῷ
599 2424 761 2508 πατριάρχη
787 2422 913 2508 Πρόκλῳ
940 2422 991 2484 καὶ
1021 2421 1111 2483 ιιαντλ
1139 2428 1175 2507 τᾷ

233 2632 328 2683 9-10
347 2629 382 2697 cf.
401 2627 467 2683 Mal.
478 2646 508 2699 p.
524 2634 585 2697 366,
599 2635 634 2684 20
653 2630 709 2683 Leo
724 2630 769 2685 Gr.
781 2647 810 2700 p.
827 2635 888 2697 109,
901 2634 927 2684 4.
948 2661 981 2670 -
1005 2634 1119 2684 10-12
1137 2629 1174 2697 cf.

161 2699 285 2769 Theoph.
299 2718 328 2769 p.
346 2705 463 2768 102,10.
483 2731 517 2740 -
537 2705 641 2755 12-14
659 2701 745 2755 Mam
763 2702 798 2770 cf.
818 2701 874 2755 Leo
893 2699 940 2754 Gr.
955 2705 1119 2769 1110823.
1139 2732 1176 2741 -

163 2776 267 2826 14—15
286 2774 320 2840 τί.
339 2772 464 2841 Theoph.
480 2789 510 2840 p.
526 2776 569 2839 88,
584 2778 616 2827 31
637 2772 693 2826 Leo
712 2772 758 2827 Gr.
771 2790 800 2841 p.
817 2777 877 2841 108,
893 2777 917 2825 7.
937 2803 971 2813 -
992 2778 1097 2840 16-γ.
1112 2776 1176 2839 606,

161 2848 185 2969 (ἆ
196 2844 230 2911 ef.
246 2843 312 2898 Mal.
329 2850 389 2913 663,
403 2849 438 2897 20
456 2842 558 2911 Euagr.
574 2842 646 2897 Hist.
662 2844 728 2898 εοοΙ.
743 2843 769 2912 Ι,
784 2850 816 2897 17
836 2843 961 2913 Theoph.
975 2861 1002 2913 p.
1018 2848 1065 2910 93,
1080 2848 1096 2897 6
1117 2842 1174 2897 Leo

185 2921 381 2985 r.p.110‚23.

231 3076 445 3149 λάποκριθελς]
463 3074 590 3130 κάλινΒ
614 3092 665 3131 om.
682 3076 712 3131 F.
738 3108 769 3115 -
794 3072 902 3130 όόιτου
921 3074 995 3131 ἐστίν
1014 3072 1174 3128 OEFNRV

160 3145 259 3216 Θεοῖς.
283 3147 357 3204 ἐστίν
378 3165 428 3203 om.
447 3147 522 3201 ABL
532 3146 637 3203 Mosch.
662 3180 695 3188 -
719 3151 736 3200 8
756 3147 771 3202 δ
789 3146 891 3211 vim*
915 3146 930 3201 6
949 3146 1047 3215 μικρός
1063 3143 1126 3207 υλδς
1144 3143 1174 3197 Μ

160 3217 292 3286 δμικρδς
310 3217 325 3273 δ
344 3218 406 3282 υίὸς
423 3220 456 3273 R.
473 3250 509 3259 -
527 3224 543 3273 9
563 3219 609 3287 ἔτη
629 3218 706 3288 ιγῬ
725 3219 772 3289 ἔτη
791 3218 839 3291 μόλ’
854 3219 887 3272 R.
907 3250 943 3259 -
962 3223 995 3272 10
1014 3219 1173 3287 χαλκοκρα·

158 3287 230 3351 τίσις
243 3287 386 3343 OELMR.
401 3321 436 3330 -
456 3295 488 3344 13
508 3288 615 3361 ἕτερον]
634 3290 700 3344 άλλο
713 3288 747 3343 N.
762 3322 798 3330 -
817 3297 850 3345 16
864 3288 951 3360 μέγας
969 3287 1077 3359 ἐγένετο
1096 3287 1127 3342 ἐν
1145 3306 1171 3340 κ.

158 3360 210 3414 RV
237 3358 345 3431 ἐγένετο
369 3361 400 3415 ἐν
423 3380 447 3415 κ.
471 3358 557 3431 μέγας
579 3361 609 3414 L.
633 3391 668 3401 -
696 3361 745 3414 καί
768 3362 962 3434 φοβερώτατος
984 3377 1034 3415 σοι.
1053 3358 1112 3413 BF.
1136 3390 1173 3399 -

160 3436 195 3485 18
212 3430 305 3502 χώρας
323 3430 407 3494 ἄλλας
425 3431 473 3484 καὶ
491 3432 585 3500 κώμας
598 3430 730 3484 ABFNP
747 3433 842 3500 κώμας
856 3432 940 3493 ἄλλας
953 3432 1002 3485 καλ
1015 3431 1108 3501 χώρας
1122 3428 1171 3482 GE

159 3502 210 3557 RV
228 3503 322 3570 κώμας
334 3502 384 3556 καλ
397 3500 482 3562 άλλας
500 3504 592 3572 χώρας
605 3500 634 3554 L.
651 3532 684 3541 -
705 3507 738 3555 10
756 3503 805 3556 καλ
824 3500 959 3574 βιθυνίας
971 3501 1047 3555 AB?
1060 3507 1086 3555 et
1098 3515 1170 3555 rece.

160 3573 275 3642 quidam
299 3573 347 3627 καὶ
365 3588 416 3627 om.
430 3570 491 3625 rell.
