2617 3909
519 263 708 314 ΧΡοΝΠεοΝ
905 306 907 309 .
1049 263 1115 327 445

104 407 300 487 δυσωπηθείς
321 408 467 488 ἐποίησεν.
511 410 745 490 τυραννούμενοι
766 409 822 491 γὰρ
839 412 872 471 οί
884 406 1040 491 Ἀντιοχεῖς
1056 411 1116 474 ὑπὸ

103 516 165 567 τῶν
189 507 338 586 σκορπίων
356 505 405 567 καὶ
423 516 482 567 τῶν
500 508 662 587 κωνώπων,
685 508 811 586 ποιήσας
829 515 957 589 χαλκοῦν
974 511 1116 591 σκορπίον

102 602 155 665 καὶ
187 604 282 685 χώσας
314 602 405 665 αὐτὸν
436 603 468 665 ἐν
496 614 530 689 τῇ
558 615 596 687 γῇ
624 604 675 665 καί
701 606 808 686 μικρὸν
834 606 991 686 ἐπιστήσας
1016 607 1116 669 ἐπάνω

103 704 193 763 κίονα
216 700 371 782 προσέταξε
394 703 544 781 καλάμους
566 703 719 783 βαστάζειν
738 703 790 764 τὸν
807 704 880 765 λαὸν
897 704 948 765 καὶ
969 727 1116 786 περιερχο-

103 798 215 879 μένους
234 799 266 861 ἐν
285 809 320 885 τῇ
339 799 422 861 πόλει
439 801 555 882 κράζειν
573 800 641 874 τοῦς
659 802 809 880 καλάμους
822 801 1015 875 ἐπισείοντος·
1038 801 1116 864 ἀκώ-
1142 823 1155 863 σ

102 920 192 959 νωπα
219 906 254 981 τῇ
281 897 372 960 πόλει.
417 897 467 959 καί
490 899 583 972 οὕτως
605 898 853 978 ἐξηφανίσθησαν
875 899 908 961 ἐκ
930 910 982 979 τῆς
1004 902 1115 974 πόλεως

102 996 139 1057 οἵ
157 1018 187 1057 τε
211 996 346 1077 σκορπίοι
368 994 418 1057 καί
440 997 472 1057 οί
491 997 639 1069 κώνωπες.
684 996 819 1076 αἰτηθεὶς
841 995 874 1059 δέ
895 997 947 1059 καί
968 997 1035 1081 περὶ
1057 1008 1116 1060 τῶν

101 1092 297 1173 ἐπικειμένων
328 1092 403 1178 αὐτῇ
436 1104 563 1173 σεισμῶν
594 1095 732 1168 στενάξας
763 1094 893 1176 ἔγραψεν
924 1094 957 1156 ἐν
986 1097 1115 1181 διπτύχῳ

100 1200 208 1252 ταῦτα·
237 1190 308 1253 οῦαί
333 1209 393 1271 σοι,
420 1192 542 1253 τάλαινα
569 1192 669 1272 πόλις,
693 1193 737 1254 ὅτι
760 1199 902 1271 σεισμοῖσι
924 1198 1044 1268 πολλοῖς
1066 1194 1115 1256 καὶ

100 1294 231 1371 πυρσοῖς
257 1289 470 1369 κατενεχθείης.
515 1289 671 1351 κλαύσεται
699 1288 732 1351 δέ
758 1308 790 1351 σε
817 1289 867 1350 καί
890 1289 906 1351 δ
928 1287 999 1376 παρ’
1020 1292 1115 1373 αι’για-
1129 1313 1155 1353 10

100 1392 168 1459 λοῖς
188 1382 332 1467 Ὀρέντης.
968 1416 971 1421 ·

173 1484 248 1566 Περὶ
279 1478 315 1547 οὗ
348 1484 446 1565 μέντοι
473 1484 523 1547 καί
550 1484 566 1548 δ
595 1484 685 1566 μέγας
710 1479 898 1560 Ἀναστάσιος
927 1486 1116 1561 Θεουπόλεώς

101 1598 213 1662 φησιν·
241 1578 440 1645 Ἀπολλωνίου
468 1582 499 1645 δὲ
523 1583 603 1664 μέχρι
628 1592 686 1645 νῦν
708 1584 741 1645 ἐν
763 1603 821 1645 τισι
842 1584 943 1658 τάττοις
965 1584 1115 1667 ἐνεργοῦσι

100 1681 140 1743 τὰ
158 1678 372 1761 ἀποτελέσματα
391 1682 528 1761 ἱστάμενα
545 1681 582 1743 τά
600 1680 654 1761 μὲν
670 1682 712 1756 εἰς
730 1681 903 1765 ἀποτροπὴν
922 1684 1004 1770 ζώων
1018 1706 1114 1764 τετρα-

101 1778 208 1840 πόδων
230 1777 280 1839 καί
302 1788 442 1841 πετεινῶν
464 1781 603 1859 βλάπτειν
621 1779 796 1859 δυναμένων
814 1780 1006 1862 ἀνθρώιιους,
1029 1781 1064 1842 τὰ
1082 1780 1114 1843 δὲ
1129 1800 1154 1841 ιε
1240 1858 1242 1861 y

102 1876 146 1951 εἰς
170 1875 280 1956 ἐποχὴν
303 1877 456 1957 ῥευμάτων
477 1888 618 1957 ποταμῶν
636 1876 767 1952 ἀτάκτως
785 1878 957 1960 φερομένων
974 1879 1024 1940 καί
1042 1877 1114 1940 ἀλλα

102 1974 147 2047 είς
170 1972 252 2055 ἕτερά
274 1997 340 2035 τινα
362 1974 410 2036 ἐπὶ
432 1981 537 2059 φθορᾷ
561 1974 611 2037 καί
633 1976 730 2059 βλάβχ
753 1975 924 2057 ἀνθρώπων
946 1976 1115 2058 ὑπάρχοντα

103 2071 291 2155 ἀποτρόπαια
313 2072 451 2134 ἵστανται.
496 2073 546 2134 καῖ
567 2082 642 2155 γοῦν
666 2072 702 2134 οὐ
725 2074 819 2153 μόνον
836 2074 869 2136 ἐν
886 2082 922 2159 τῇ
944 2077 1003 2159 ζωῇ
1022 2074 1114 2137 αὐτοῦ

103 2179 196 2231 ταῦτα
228 2168 277 2230 καί
308 2169 343 2230 τά
374 2180 495 2232 τοιαῦτα
524 2170 697 2253 εἰργάσαντο
725 2174 757 2233 οί
781 2174 920 2252 δαίμονες
946 2168 986 2234 δι’
1012 2172 1113 2252 αὐτοῦ,

103 2268 177 2329 ἀλλά
199 2290 231 2349 γε
254 2266 303 2329 καί
324 2268 394 2347 μετὰ
411 2268 466 2347 τὴν
486 2270 621 2349 τελευτὴν
640 2269 733 2331 αὐτοῦ
750 2269 967 2351 παραμένοντες
984 2277 1023 2355 τῷ
1039 2270 1114 2350 μνή-
1127 2288 1154 2329 ευ

104 2388 174 2445 ματι
197 2364 288 2427 αὐτοῦ
312 2365 417 2445 σημεῖά
439 2389 505 2427 τινα
527 2365 695 2428 ἐπετέλεσαν
718 2366 747 2441 ἐξ
768 2366 912 2448 ὀνόματος
930 2368 1022 2430 αὐτοῦ
1040 2368 1114 2449 πρὸς

103 2462 222 2542 ἀπάτην
248 2472 307 2524 τῶν
334 2463 466 2525 ἐλεεινῶν
493 2463 664 2544 ἀνθρώπων
686 2474 745 2526 τῶν
768 2466 877 2550 ῥᾳδίως
899 2464 1113 2545 ὑποκλεπτομέ-

105 2584 169 2622 νων
195 2560 238 2633 εἰς
264 2559 299 2621 τὰ
325 2571 445 2624 τοιαῦτα
472 2560 531 2623 ὑπὸ
563 2570 615 2623 τοῦ
648 2550 798 2643 διαβόλου.
847 2565 877 2625 τί
902 2560 940 2625 ἀν
966 2588 1011 2637 τις
1036 2564 1114 2626 εἴποι

104 2656 172 2738 περὶ
203 2667 262 2719 τῶν
292 2657 366 2719 κατὰ
397 2657 575 2721 Μανέθωνα
611 2670 745 2741 μαγικῶν
774 2660 882 2743 ἐργων;
919 2658 952 2734 ὃς
983 2672 1115 2735 τοιοῦτος

104 2754 196 2837 ἀκρος
218 2753 319 2836 γέγονε
341 2766 377 2841 τῇ
400 2766 509 2842 μαγικῇ
533 2755 645 2841 ἀπάτῃ,
676 2758 720 2819 ὅτι
742 2757 788 2820 ἀεὶ
810 2758 937 2820 ἔσκωπτε
959 2759 1114 2841 προδήλως
1127 2781 1153 2821 εε
1166 2780 1243 2822 sam

105 2854 158 2915 τὸν
178 2848 375 2916 Ἀπολλώνιον
401 2852 441 2927 ὡς
469 2855 509 2935 μὴ
533 2852 640 2936 ἀκριβῆ
664 2855 719 2936 τὴν
741 2851 804 2916 κατ’
825 2857 934 2930 αὐτοὺς
957 2862 1114 2934 φιλοσοφι-

105 2950 165 3029 κδχν
187 2950 339 3031 ἐμπειρίαν
362 2951 509 3032 ἐσχηκότα.
546 2952 604 3015 ἐδει
621 2952 678 3035 γάρ
695 2952 797 3033 αὐτόν,
820 2956 924 3033 φησίν,
943 2954 1039 3034 ὥσπερ
1057 2952 1114 3034 ἐγὼ

180 3146 283 3209 12-μ.
297 3144 385 3208 446‚2
399 3140 527 3196 Anastas.
543 3140 642 3195 sinait.
654 3140 767 3207 Quaest.
778 3147 811 3196 20
825 3142 921 3212 Migne
928 3141 959 3195 T.
970 3147 1013 3210 89,
1021 3148 1072 3195 525
1082 3143 1113 3199 B.

179 3324 212 3372 16
227 3316 336 3388 ἀποχὴν
351 3316 410 3371 CN.
426 3350 460 3358 -
480 3324 512 3373 25
531 3319 617 3386 ἀκρος
630 3320 681 3373 ΑΒ
690 3320 787 3374 Anast.
807 3319 900 3389 ἄκρως
912 3318 1018 3373 BGPV
1036 3320 1114 3387 ἀκρι-

105 3393 162 3461 βῶς
178 3388 227 3443 GE
250 3388 367 3461 ἀκριβὴς
384 3389 406 3442 F
425 3408 474 3444 om.
490 3389 546 3443 LN.
567 3423 600 3431 -
620 3397 653 3444 27
673 3391 738 3463 ἐγὼ]
758 3391 827 3464 ἔργῳ
846 3390 980 3446 CFLNR.
1081 3450 1083 3454 .

178 3574 194 3621 2
209 3568 327 3622 καὶτῶν
340 3563 494 3622 κωνωπίων
508 3568 619 3637 σφόδρα
633 3570 682 3623 καί
695 3568 815 3637 ποιήσας
827 3570 856 3625 Ρ,
870 3600 903 3609 -
919 3574 953 3623 14
966 3566 1114 3635 τελέσματα

105 3639 235 3693 ΡΑωοελ.
260 3670 294 3679 -
317 3644 350 3691 22
370 3638 495 3695 ἐλεεινῶν
514 3657 564 3695 σοι.
579 3640 708 3695 PAnast.
731 3672 766 3681 -
789 3648 823 3695 25
842 3640 956 3712 γέγονεν
975 3640 1066 3705 ἄκρως
1083 3637 1113 3691 Ρ.
