2617 3909
194 240 261 306 494
509 241 697 294 mmor
714 243 897 295 υοαεκοε

194 391 290 452 πάντα
313 390 367 470 τὴν
390 390 493 452 έλπίδα
516 387 672 471 τέθεινται,
697 389 747 451 ταί
770 389 837 472 ούγὶ
859 398 969 472 μᾶλλον
992 391 1094 464 αὐτοῖς
1116 389 1215 471 ἠναν-

194 498 310 552 τιοῦντο
333 489 534 569 πανταχόθεν;
558 487 612 562 ἕως
630 487 686 570 γδιρ
704 489 861 552 συνίστατο
875 483 1065 571 Ἰερουσαλὴμ
1082 489 1215 570 πόλεμος
1297 524 1298 527 ¹

194 584 344 660 ἄσπονδος
366 579 405 666 ἦν
428 585 543 666 αὐτοῖς,
573 585 623 647 καί
646 587 818 667 διεμάχοντο
840 588 915 669 πρὸς
937 589 989 651 τὸν
1008 583 1124 670 Ἰσραὴλ
1145 581 1214 650 Ἀσ-

194 685 292 766 σύριοι
314 682 368 765 μέν
391 685 559 765 θλίβοντες,
587 685 748 766 Αὴύπτιοι
771 681 803 746 δέ
825 685 996 765 διώκοντες,
1021 686 1216 766 Βαβυλώνιοι

168 781 228 845 σδὲ
250 783 489 864 τιατατρύγοντες,
511 783 608 864 Σύροι
631 780 664 844 δὲ
686 781 955 862 ἀντιπολεμοῦντες.
1000 781 1021 863 ἢ
1044 783 1099 864 σύγ
1120 782 1136 845 δ
1157 782 1215 863 μὲν

196 879 295 941 Δαυίδ
317 879 388 954 τοῦς
410 882 577 962 Μωαβίτας
603 881 654 942 καὶ
677 881 747 955 τοὺς
769 882 890 962 Σύρους
912 879 1044 959 ἐπολέμει
1066 881 1118 943 καί
1140 881 1213 944 ἔτιοὲ

195 983 316 1058 λεμεῖτο,
340 977 356 1040 δ
381 977 412 1041 δὲ
432 973 546 1053 Ἰωσίας
568 979 638 1052 τούς
661 981 786 1058 πλησίον
804 980 1049 1060 παρεφνλύττετο,
1072 978 1123 1040 ιιαλ
1141 979 1213 1059 μέν·

195 1099 239 1138 τοι
263 1076 312 1138 καί
327 1070 457 1152 Ἐζεκίας
475 1077 582 1139 έδειλία
600 1077 655 1156 τὴν
678 1076 849 1151 ἀλαζονείαν
867 1085 920 1139 τοῦ
938 1079 1137 1159 Σεναγηρείμς
1161 1079 1214 1138 καί

195 1180 234 1259 τῷ
258 1172 312 1254 μὲν
337 1168 434 1254 Ἰησοῦ
462 1177 494 1237 οἱ
510 1168 681 1257 Ἀμορραῖοι
710 1174 920 1255 ἠναντιοῦντο,
948 1181 987 1260 τῷ
1011 1172 1043 1237 δέ
1066 1173 1213 1261 Μοισῇ·δ

156 1296 181 1336 ιο
192 1266 322 1353 Ἀμαλὴιι
349 1272 600 1355 ἀντεστρατεύετο,
630 1272 680 1334 καί
708 1273 783 1346 ὅλας
804 1271 941 1335 ἀσπονδα
963 1266 1002 1352 ἦν
1024 1279 1086 1346 τοῖς
1108 1274 1212 1336 ἔθνεσι

194 1371 268 1451 πρὸς
291 1371 343 1433 τδν
363 1366 478 1453 Ἰσραὴλ
500 1370 536 1432 τδι
558 1381 610 1450 τῆς
632 1372 749 1451 φιλίας,
776 1369 817 1444 ὡς
844 1369 925 1452 μέχρι
947 1380 1006 1434 νῦν
1028 1383 1212 1456 μαρτυροῦσι

195 1469 230 1530 τδι
252 1470 416 1551 πράγματα.

261 1566 322 1627 Καί
345 1568 376 1628 οῖ
396 1573 573 1648 γραμματεῖς
595 1565 807 1648 ἀποκριθέντες
832 1561 929 1629 εἷπον·
958 1567 1013 1630 ούτ
1034 1566 1211 1649 ἀρνούμεθα

99 1689 138 1728 τοι
151 1687 181 1726 M.
197 1661 236 1736 ὡς
263 1673 354 1725 ταῦτα
382 1661 436 1742 μέν
463 1663 559 1724 πάντα
586 1661 758 1745 γέγραπται,
785 1666 995 1746 προσδοκῶμεν
1018 1664 1051 1728 δέ
1077 1667 1130 1729 τδν
1153 1692 1210 1747 μη-

156 1784 182 1826 τε
197 1759 276 1823 δέπα
308 1760 548 1842 παραγενόμενον
579 1761 654 1822 θεὸν
685 1762 782 1843 λόγον.
828 1761 844 1825 δ
872 1762 905 1824 δέ
932 1765 1108 1846 Σίλβεστρος
1136 1764 1208 1845 ἔφη·

195 1857 245 1919 καί
276 1867 340 1931 πῶς
374 1857 429 1919 ούιτ
458 1858 602 1939 ν’μιούσατε
630 1869 683 1921 τοῦ
707 1860 822 1940 Δανιὴλ
850 1859 1044 1942 προλέγοντος
1071 1872 1209 1944 φανερῶς

195 1954 245 2017 ναί
267 1955 319 2018 τὸν
342 1957 446 2040 καιρὸν
469 1955 518 2017 ιιαί
536 1957 591 2037 τήν
609 1959 698 2019 θείαν
715 1967 768 2020 τοῦ
787 1967 917 2039 σωτῆρος
935 1958 1108 2039 ἐπιδημίαν,
1133 1961 1209 2041 φησὶ

195 2053 251 2137 γὰρ
279 2053 295 2118 δ
323 2056 605 2137 προσδιαλεγόμενος
632 2056 711 2141 αύτῷ
734 2053 867 2138 ἅγγελος·
895 2054 926 2119 ο’
948 2056 1110 2137 έβδομύδες
1138 2076 1208 2120 συν-

128 2193 141 2222 ,,,
195 2153 368 2233 ετμήθιγσαν
391 2153 439 2215 ἐπὶ
461 2154 513 2215 τδν
536 2153 608 2215 λαόν
632 2172 687 2217 σου
712 2153 763 2215 καί
785 2153 833 2216 ἐπί
855 2154 910 2234 τὴν
933 2156 1020 2218 πόλιν
1042 2155 1098 2235 τὴν
1120 2155 1208 2239 ἁγίαν

156 2275 182 2315 ιο
195 2261 247 2314 τοῦ
275 2257 506 2331 συντελεσθῆναι
538 2249 683 2333 ἁμαρτίαν
714 2251 764 2313 καί
791 2261 844 2313 τοῦ
871 2251 1062 2328 ἐξιλάσασθαι
1088 2252 1207 2316 ἀδικίαν

195 2348 245 2410 καί
267 2359 319 2410 τοῦ
342 2350 503 2431 σφραγίσαι
525 2347 668 2430 ἁμαρτίας
689 2349 739 2411 καί
761 2348 925 2428 ἀπαλεῖψαι
945 2350 997 2424 τδις
1019 2350 1137 2427 ἀδικίας
1158 2352 1207 2414 ταί

195 2455 248 2506 τοῦ
271 2445 391 2528 ἀγαγεῖν
414 2447 609 2526 δικαιοσύνην
631 2448 755 2509 αἰώνων
777 2446 827 2509 ιιαί
849 2457 903 2510 τοῦ
921 2450 1083 2531 σφραγίσαι
1105 2450 1206 2533 ὅρασιν

195 2540 246 2604 ναί
268 2552 321 2604 τοῦ
344 2549 440 2625 χρῖσαι
462 2544 548 2624 δίγιον
571 2542 672 2626 ἁγίων.
717 2544 767 2606 καί
791 2545 892 2630 γνώσῃ
914 2546 965 2607 ιιαί
988 2548 1126 2627 συνήσεις
1148 2547 1205 2611 ἀπδ

269 2720 373 2784 19-μ,
389 2719 454 2781 495,
470 2720 502 2768 12
521 2715 623 2770 Athan.
643 2717 679 2770 de
697 2717 802 2772 incarn.
826 2733 868 2786 ομ.
884 2722 917 2771 99
941 2717 1037 2789 migne
1056 2724 1108 2772 194
1117 2719 1149 2772 Β.
1173 2751 1204 2760 -

197 2790 231 2840 18
249 2784 319 2840 Dan.
335 2791 360 2854 9,
376 2791 472 2856 24sqq.

268 2935 283 2983 2
309 2929 327 2998 ἡ
351 2929 518 2999 ῖερουσαλὴμ
539 2930 637 2984 BAth.
662 2962 696 2970 —
720 2937 737 2984 6
759 2931 825 2993 τούς
847 2931 950 3001 σύρους
971 2932 1020 2985 τιαλ
1043 2932 1109 2994 τοῦς
1131 2934 1205 3003 (τούς

196 3018 246 3056 om.
261 3001 283 3055 B
313 2999 454 3074 μωαβίτας
472 3000 563 3071 (ms
577 3002 612 3071 A)
631 3001 687 3056 AB.
708 3035 742 3043 -
761 3009 778 3057 8
796 3000 964 3074 σευαγηρείμ
980 3002 1060 3057 BRV
1083 3020 1203 3076 σεναγει-

196 3069 258 3142 ρείμ
315 3090 382 3128 σενα
401 3071 475 3143 ειρίμ
487 3072 561 3126 EFP
579 3072 757 3146 σενναγειρίμ
769 3073 858 3128 ACM.
877 3105 912 3114 —
930 3078 946 3127 9
965 3074 1122 3144 ἀμοιρραῖοι
1136 3074 1204 3129 CFP

196 3095 399 3213 ἀμμορραῖοιά
412 3145 563 3216 ἀμμοραῖοι
573 3145 596 3197 Β
609 3154 760 3216 γαναναῖοι
768 3146 802 3200 R.
815 3177 849 3186 -
860 3145 1056 3217 ίμαν[τιοῦττο
1067 3177 1100 3186 -
1106 3163 1136 3215 p.
1145 3151 1203 3213 496,

197 3219 231 3266 24
245 3215 293 3268 καί
311 3216 416 3270 τούτων
434 3233 485 3271 om.
500 3216 521 3268 F
539 3233 596 3270 νυο
613 3218 682 3284 folio
699 3218 833 3304 ιἰρίιτοῖοο.
850 3248 883 3258 -
901 3224 978 3287 μοισῇ
991 3216 1039 3270 ΑΡ
1057 3225 1143 3286 μασεί
1154 3217 1203 3271 ΒΕ

196 3285 670 3480 μαγγανεία
696 3288 774 3422 ιε
786 3288 934 3423 απ,
947 3293 980 3412 ι
991 3284 1203 3420 εοεαε

216 3446 246 3488 ος
290 3469 295 3480 .

197 3622 229 3692 μὲ
269 3555 284 3604 2
300 3550 471 3675 συνειὸτήιιει
484 3550 581 3605 PAth.
597 3583 630 3592 -
647 3559 679 3606 11
695 3553 732 3616 ὡς
745 3554 792 3607 καί
806 3553 885 3624 μέχρι
898 3561 952 3610 νῦν
965 3553 995 3608 P.
1011 3585 1044 3594 ·-
1065 3561 1098 3609 14
1111 3551 1203 3609 πάντα

231 3641 247 3676 τι
265 3641 353 3676 ταντα
395 3665 400 3674 .
