2617 3909
552 251 742 301 Χεοωιιεοω
1086 250 1152 315 579

135 398 193 477 τήν
217 407 332 477 κυνῶν,
354 392 449 476 εἰπεν,
472 396 641 477 ἀναίδειαν,
669 391 861 477 ώῬουφῐνε,
889 400 987 476 ζηλοῖς
1009 399 1153 479 τοσαύτης

138 497 314 575 μιαιφονίας
336 496 493 576 γενόμενος
520 494 639 576 μέτοχός
662 518 691 556 τε
716 494 767 556 καί
789 496 966 576 σύμβουλος.
1011 492 1075 556 ἀλλ’
1096 495 1153 578 ἐγώ

137 592 270 677 προλέγω
298 590 338 666 ὡς
360 592 410 654 καὶ
432 594 522 654 πάλιν
549 592 641 655 αύτδν
668 594 790 655 κωλύσω
818 602 877 654 τῶν
900 595 986 674 ἱερῶν
1013 592 1154 674 ἐπιβῆναι

138 692 311 773 προθύρων.
357 700 448 752 ταύτα
470 690 600 765 ἀκούσας
624 691 640 753 δ
660 686 817 769 Ῥουφῖνος
844 690 971 770 ἐμήνυσε
994 689 1043 752 διὰ
1066 715 1153 772 ταχυ-

138 788 252 871 δρύμου
279 795 318 872 τῷ
338 791 458 869 βασιλεῖ.
504 788 521 851 δ
544 787 576 851 δέ
599 790 737 869 βασιλεύς
763 788 837 850 κατὰ
865 788 957 868 μέσην
984 798 1070 851 τούτο
1097 814 1153 869 μα-
1180 810 1193 850 ο

139 888 217 967 θών,
240 885 376 965 ἀπέλθω,
400 889 508 967 φησίν,
535 886 586 948 καί
608 887 660 961 τὰς
683 889 800 961 δικαίας
822 880 915 960 αὖθις
937 886 1057 966 δέξομαι
1079 909 1154 970 παρ-

59 998 63 1004 ’
136 986 244 1057 οινίας.
280 978 342 1045 εἰτα
365 985 603 1066 παραγενόμενος
625 986 668 1057 εἰς
685 985 740 1065 τήν
754 984 912 1064 ἐκκλησίαν
934 984 1080 1047 ἐδυσώπει
1101 985 1154 1047 τδν

138 1081 273 1164 ἀρχιερέα
295 1090 347 1144 τού
370 1083 480 1162 δεσμοῦ
503 1088 643 1162 λυθῆναι.
689 1080 740 1142 καὶ
763 1078 778 1142 δ
803 1079 856 1160 μέν
878 1082 1060 1163 τυραννικήν
1083 1081 1154 1143 άπε-

137 1182 220 1242 κάλει
250 1180 305 1259 τήν
337 1181 504 1261 παρουσίαν
535 1180 652 1259 ἐκείνην
687 1178 738 1240 καί
769 1179 843 1241 κατὰ
874 1186 950 1241 θεού
983 1180 1154 1262 μεμηνέναι,

139 1278 156 1341 δ
179 1276 212 1340 δέ
235 1276 306 1356 μετὰ
329 1278 578 1359 σκυθρωπότητος
600 1277 650 1338 καὶ
673 1282 783 1357 πολλῆς
804 1277 998 1357 κατανύξεως,
1022 1278 1058 1339 ού
1077 1284 1152 1359 θρα·
1168 1299 1194 1339 ιο

140 1376 314 1456 συνόμενος,
339 1376 408 1457 ἐφη,
431 1376 505 1437 κατὰ
528 1385 587 1436 τῶν
610 1374 703 1456 ἁγίων
726 1374 877 1455 κανύνων,
899 1373 972 1435 ἀλλὰ
995 1377 1083 1436 λῦσαί
1104 1398 1154 1454 μοι

139 1474 191 1536 τὸν
216 1473 324 1553 δεσμὸν
342 1473 476 1549 ἀξιώσων
498 1473 638 1553 ἐλήλυθα.
676 1472 726 1533 καλ
745 1475 846 1553 ποίαν,
870 1474 974 1552 φησίν,
997 1473 1154 1552 μετάνοιαν

139 1572 251 1645 ἔδειξας
278 1572 349 1651 μετὰ
375 1574 563 1653 παρανομίαν
590 1572 751 1650 τοσαύτην,
779 1569 799 1651 ἣ
828 1572 925 1644 ποίοις
957 1569 1050 1644 άξίοις
1078 1595 1154 1654 φαρ

140 1670 246 1751 μύκαις
275 1669 476 1751 έθεράπευσας
503 1669 538 1731 τδι
563 1671 688 1731 δυσίατα
714 1670 878 1752 τραύματα;
905 1668 955 1730 καλ
978 1668 995 1731 δ
1018 1669 1156 1749 βασιλεὺς

139 1762 233 1829 εἶπεν·
262 1766 316 1828 σδν
343 1767 429 1849 έργον
456 1768 488 1831 τὸ
518 1769 610 1841 δεῖξαι
638 1765 693 1848 μὲν
719 1766 769 1828 καί
796 1768 916 1849 κεράσαι
942 1767 978 1828 τὰ
1003 1768 1154 1849 φάρμακα,
1169 1788 1195 1829 15

140 1864 212 1945 ε’μδν
236 1863 268 1927 δέ
288 1865 321 1927 τὸ
341 1864 484 1938 δέξασθαι
505 1866 740 1948 προσφερόμενα.
776 1865 840 1926 τότε
862 1865 967 1927 λοιπδν
982 1860 1155 1946 Ἀμβρύσιος

140 1962 225 2044 λέγει·
249 1962 351 2042 ἐπειδὴ
370 1970 410 2047 τῷ
424 1970 514 2047 θυμῷ
528 1965 561 2027 τὸ
581 1964 709 2037 δικάζειν
727 1963 898 2044 ἐπιτρέπεις,
920 1964 1039 2045 γράψον
1056 1962 1152 2041 νόμον
1164 1987 1205 2026 ωε
1219 1985 1251 2024 ω.

139 2070 194 2121 τού
217 2066 320 2140 θυμοῦ
343 2059 395 2134 τὰς
417 2060 545 2140 ψήφους
568 2061 660 2143 άργδις
682 2070 840 2139 ποιοῦντα,
865 2060 916 2121 καλ
937 2058 1049 2142 ήμέρας
1072 2058 1100 2120 λ’
1123 2062 1158 2120 αἰ

140 2161 267 2237 φονικαί
288 2182 316 2220 τε
344 2158 394 2219 καί
415 2158 589 2238 δημευτικαλ
612 2157 778 2240 μενέτωσαν
804 2159 927 2240 γνώσεις
951 2157 983 2219 έν
1006 2158 1156 2239 γράμμασι

140 2257 195 2335 τήν
223 2266 275 2317 τού
299 2254 395 2338 ὀρθοῦ
422 2262 563 2339 λογισμοῦ
590 2256 822 2338 προσδεχόμεναι
849 2257 954 2335 κρίσιν.
999 2252 1036 2316 δν
1060 2253 1155 2329 εύθύς
1169 2280 1195 2319 νο

117 2432 119 2434 η
142 2350 158 2413 δ
181 2354 317 2433 βασιλεὺς
344 2364 497 2436 γραφῆναι
524 2354 662 2427 κελεύσας
691 2352 741 2414 καλ
768 2352 818 2413 διδι
844 2362 897 2432 τής
924 2354 1034 2427 οἰκείας
1061 2353 1155 2435 χειρὸς

140 2452 321 2533 βεβαιώσας,
358 2450 470 2514 διέλυσε
502 2452 554 2513 τὸν
587 2452 695 2531 δεσμὸν
724 2447 898 2532 Ἀμβρόσιος
929 2450 978 2511 καλ
1011 2451 1155 2512 εἰσελθεῖν

140 2548 234 2611 αύτδν
257 2548 289 2610 ἐν
312 2558 347 2634 τῇ
365 2549 504 2634 ἐκκλησία
527 2548 693 2631 ἐπέτρεψεν.
730 2546 747 2609 δ
766 2545 798 2610 δέ
820 2548 964 2610 εἰσελθὼν
987 2548 1043 2611 ούκ
1066 2547 1155 2623 ἐστὼς

144 2644 253 2708 ἱκέτευε
276 2646 327 2708 τὸν
350 2648 425 2710 θεὸν
448 2645 518 2709 ούδὲ
540 2646 576 2707 τὰ
598 2647 709 2729 γόνατα
730 2648 846 2727 κλίνας,
871 2645 943 2707 ἄλλα
966 2647 1083 2728 πρηνής
1106 2643 1152 2708 ἐπ’

141 2744 273 2822 ἐδάφους
295 2746 427 2823 κείμενος
455 2744 526 2825 ἐβόα
554 2745 624 2824 μετὰ
647 2753 791 2829 κραυγῆς·
819 2744 967 2824 ἐκολλήθη
993 2752 1032 2829 τῷ
1052 2745 1154 2823 ἐδάφει
1168 2769 1196 2809 ετ

213 2930 246 2978 τε
265 2924 589 2996 Psalm.118(119)‚25.
645 2914 647 2919 ’

214 3073 228 3120 1
248 3076 352 3122 κοινῶν
370 3066 451 3123 AGP.
474 3100 507 3109 -
532 3073 548 3121 6
568 3067 631 3134 δέξο
653 3088 684 3121 αι
703 3067 858 3122 CEFNPR
867 3066 972 3121 Theod.
997 3063 1155 3137 εἰσδέξομαι

141 3138 279 3193 ABVJ-
300 3138 644 3208 ίπαραγενάμενοςΑ.
664 3139 823 3192 -9κατδι
841 3138 913 3193 θεὸν
930 3137 1036 3190 FR—
1055 3144 1087 3191 11
1107 3158 1156 3208 μοι

140 3208 266 3263 CELPV
274 3210 379 3263 Theod.
394 3230 427 3279 με
441 3210 623 3264 ABFNR—
640 3217 673 3264 12
687 3210 737 3263 τὸν
751 3209 853 3279 δεσμὸν
866 3210 965 3277 scripsi
978 3226 1039 3264 οιυκ
1049 3209 1153 3266 Τλιεοδ.

139 3282 239 3350 collp.
255 3286 316 3349 678,
332 3287 361 3349 9,
377 3288 423 3347 16;
442 3287 503 3349 579,
518 3287 548 3348 83
562 3288 604 3335 22.
633 3290 689 3335 τῶν
703 3283 811 3348 δεσμου
830 3280 959 3334 συδδ-
974 3285 1008 3333 22
1021 3289 1077 3335 των
1092 3285 1154 3337 δεσ

141 3361 200 3423 μων
219 3353 331 3406 BR-
351 3326 439 3407 θθίπ
418 3353 568 3425 πέτρεψεν]
589 3352 730 3408 ἐκέλευσεν
748 3351 864 3405 MR-
884 3350 976 3405 ούκέτι
994 3351 1077 3415 ἑστὼς
1094 3352 1154 3406 RV

212 3491 229 3537 4
251 3485 393 3558 ταῦτα]”
375 3504 448 3554 απερ
470 3486 527 3555 Ρ(
517 3487 633 3555 (τούτων
656 3485 844 3625 Thood).—
873 3491 888 3540 5
911 3488 950 3558 τῷ
973 3487 1080 3576 βασιλεῖ
1104 3484 1157 3539 τὸν

139 3557 248 3611 σκοπὸν
271 3558 344 3681 άμβρ
329 3555 424 3626 ροσίου
447 3556 641 3611 PTheod.-
608 3555 748 3696 -κατδιὴ
760 3553 847 3645 μέσην
867 3556 919 3625 τὴν
932 3541 1049 3626 άγορδιν
1071 3564 1154 3609 τοῦτο

140 3628 284 3697 μαθώνΡ
317 3628 456 3683 heod.-
483 3634 515 3682 19
535 3628 674 3694 ἔδειξας
665 3627 748 3696 ικανή
749 3648 767 3681 ν
785 3626 854 3697 μετὰ
871 3626 894 3679 Ρ
912 3628 1010 3697 (invito
1028 3625 1153 3695 Theoti.)
