2617 3909
175 191 238 256 788
488 195 675 246 ΓΕΩΡΓΙΟΤ
693 196 877 246 ΜΟΝΑΧΟΤ

171 339 222 403 καί
234 340 395 422 ἐγκλήμασι
413 342 580 422 περιβάλλει
597 342 854 424 προφασιζόμενος
868 344 1032 422 προφάσεις
1050 342 1086 404 έν
1103 341 1203 422 ἆμαρ-

171 441 257 519 τίαις,
281 440 331 500 ἴνα
349 439 462 524 τῷδέει
483 449 543 500 τῶν
560 441 751 522 ἐγκλημάτων
769 451 870 502 πᾶσαν
892 441 991 501 αὐτῶν
1010 440 1066 520 τήν
1088 440 1205 502 οὐσίαν

172 536 357 619 άλοχήσωσιν
375 536 450 618 ὑπὲρ
468 547 521 617 τής
540 539 649 611 οἰκείας
668 540 828 619 σωτηρίας,
850 535 917 600 ἔσθ’
934 539 980 600 ὅτε
1000 537 1107 600 δὲκαὶ
1130 555 1206 598 συν-

172 636 283 709 εσκίαζε
302 632 375 696 καθ’
391 628 435 696 ὧν
452 659 543 698 τινων
560 635 786 718 άνδρικωτέρων
807 635 827 716 ή
845 634 1051 718 εὐφυεστέραν
1070 638 1207 716 βασκαί-

145 756 234 795 ενων
256 744 309 813 τῆς
327 733 486 814 εὐανδρίας
508 733 559 795 καί
582 735 711 812 εὐφυΐας
734 735 836 808 αὐτοῖς
858 733 899 806 ὡς
918 736 1105 815 νεωτερίσειν
1128 734 1209 795 ὐπο-
1292 765 1293 800 ;

172 832 299 893 πτεάων·
323 842 414 894 τινῶν
435 830 489 911 μὲν
507 832 577 906 τοὺς
595 830 776 912 ὀφθαλμοὺς
799 833 969 912 ἕξάρυττεν,
991 830 1090 894 άλλων
1114 831 1208 892 δὲτὰ

172 928 244 1008 μέλη
262 928 480 1011 ήκρωτηρίαζεν
503 929 553 991 κα)
571 929 689 1009 ἑτέρους
707 932 829 1010 δεσμοῖς
846 930 976 1010 κατέχων
994 925 1065 1010 μεθ’
1083 929 1209 1012 ἡμέρας

171 1027 254 1100 τινάς
276 1028 381 1101 δεινῶς
403 1025 515 1114 άνήρει.

235 1119 284 1199 Ἐξ
304 1118 347 1186 ὧν
369 1125 483 1208 ὑπῆρχε
501 1126 625 1207 Μιχαὴλ
650 1125 740 1206 δτήν
758 1136 811 1187 τοῦ
830 1126 1024 1205 ἐκσκουβίτου
1048 1127 1207 1207 τάγματος

47 1245 157 1286 smnio
170 1222 265 1305 άρχήν
293 1223 420 1304 διέπων,
450 1221 486 1285 δν
508 1225 607 1309 είρκτή
630 1223 681 1285 κα)
708 1223 811 1296 πέδαις
834 1219 890 1304 εἶχε
916 1225 1121 1304 τηρούμενον,
1154 1221 1207 1284 καὶ

172 1321 228 1400 τήν
254 1321 410 1403 γενέθλιον
437 1332 490 1383 τοῦ
519 1332 651 1403 σωτῆρος
683 1319 797 1404 ἡμέραν
829 1321 972 1384 ε’νστᾶσαν
1004 1321 1206 1402 ἐκδεχόμενος

173 1421 304 1480 διελθεῖν
335 1419 385 1481 κα)
417 1421 512 1494 οὕτως
544 1420 636 1482 αὐτὸν
669 1421 913 1500 διαχειρίσασθαι.
960 1419 1033 1480 ἀλλά
1061 1443 1093 1500 γε
1130 1421 1204 1503 θείχι

174 1519 269 1600 ψήφῳ
303 1516 354 1578 κα)
382 1519 561 1600 δορυφόρων
594 1519 674 1596 ξίφει
701 1516 914 1599 κρεουργηθείς
947 1517 1037 1590 αὐτὸς
1070 1517 1202 1588 ένδίκως

172 1613 262 1694 μέσον
285 1625 338 1677 τοῦ
357 1618 447 1677 θείου
470 1627 546 1677 ναοῦ
564 1617 620 1696 τήν
638 1615 767 1688 πολλοὺς
790 1614 894 1696 άχίους
912 1615 1006 1688 ναοὺς
1026 1615 1078 1676 καὶ
1095 1615 1202 1696 ψυχάς

133 1737 157 1777 τε
172 1713 223 1774 καί
246 1714 366 1792 σώματα
389 1716 456 1774 λίαν
480 1713 665 1793 άτιμάσασαν
688 1714 791 1794 ψυχήν
813 1712 996 1794 ἀπορρήξας,
1019 1714 1117 1786 εὐθὺς
1136 1715 1201 1776 έπι-

172 1817 322 1889 κοσμεῖται
349 1818 389 1895 τῷ
413 1822 466 1892 τής
493 1814 643 1891 βασιλείας
672 1811 687 1873 δ
716 1812 866 1892 δεσμώτης
894 1812 1070 1892 διαδήματι,
1104 1809 1141 1886 ὃς
1169 1811 1200 1873 ἐν

172 1909 287 1971 έλπίσιν
315 1907 358 1970 ὢν
385 1920 438 1989 τής
465 1914 541 1989 ζωῆς
568 1910 624 1989 τήν
651 1909 787 1991 στέρησιν
816 1909 976 1988 ὑπομεῖναι
1005 1911 1200 1990 στεφηφόρος

171 2007 237 2069 άντλ
268 2008 457 2090 δεσμοφάρου
484 2010 669 2069 καθίσταται.
714 2009 809 2081 οθτως
838 2000 895 2068 οὐν
922 2007 1118 2088 καταστρέφει
1148 2009 1198 2070 τὸν

173 2105 302 2187 βέβηλον
330 2106 423 2168 αὐτοῦ
451 2107 500 2167 κα)
527 2107 710 2187 βαρβαράδη
737 2107 805 2185 βίον
832 2105 882 2166 καὶ
910 2105 965 2184 τήν
993 2104 1119 2168 άνάσιον
1150 2105 1198 2168 καί

133 2228 159 2266 ιο
175 2205 374 2284 παμπόνηρον
388 2206 492 2284 ψυχήν
510 2203 737 2285 άπορρήγνυσιν
755 2203 787 2266 ἐν
804 2210 842 2287 τῷ
853 2205 995 2287 παλατίηι,
1013 2204 1047 2265 ἐν
1061 2191 1086 2288 ᾧ
1098 2204 1198 2276 οὐδεὶς

175 2312 235 2362 τῶν
258 2302 315 2383 πρὸ
339 2302 432 2363 αὐτοῦ
455 2301 707 2383 βεβασιλευκότων
730 2299 882 2388 άνήρηται.
924 2301 1086 2382 γενόμενος
1105 2309 1198 2364 πολυ

174 2399 284 2478 στάμου
309 2401 452 2480 μαχαίρας
480 2400 566 2481 ἔργον
594 2399 701 2481 πικρὸν
730 2398 779 2460 καί
807 2395 946 2479 ὀλέθριον
969 2409 1021 2477 τής
1045 2399 1198 2479 αἰσχίστης

244 2577 331 2625 9-15
350 2571 455 2640 Ignatii
473 2571 533 2624 vita
551 2571 705 2640 Nicephori
718 2589 749 2640 μ.
765 2576 826 2638 207,
842 2575 875 2623 30
895 2571 938 2624 ed.
960 2586 1041 2624 meae
1060 2571 1091 2623 in
1111 2571 1198 2626 Nine-

172 2643 255 2712 phori
274 2642 416 2712 opusculis
436 2642 586 2696 historicis.
607 2675 641 2682 -
662 2648 767 2696 15-18
786 2644 821 2696 ι’δ.
836 2659 864 2710 μ.
881 2647 941 2709 209,
958 2647 981 2694 1.

244 2801 260 2847 3
285 2793 496 2862 ἀναλονήσωσιν
513 2793 565 2847 EG
589 2791 794 2862 ἀναλογίσωσιν
812 2793 837 2845 R
860 2792 1084 2862 ἀναλοχήσουσιν
1102 2794 1136 2847 A.
1163 2827 1195 2832 -

173 2864 290 2937 οἰκείας]
309 2862 385 2927 ίδίας
403 2864 455 2918 ΙιΜ
479 2863 593 2919 ἐκείνων
612 2865 644 2918 R.
670 2897 703 2904 —
728 2865 909 2928 συνεσκεύαζε
928 2862 1000 2917 κατά
1018 2884 1105 2918 τινων
1124 2869 1196 2920 δοκεῖ.

171 2936 285 2991 Murali.
311 2970 344 2976 —
369 2934 571 3003 σεῦανδρείας
589 2936 641 2989 ΙιΜ
665 2943 689 2990 et
710 2953 780 2990 εεοο,
798 2936 926 3005 plerique
949 2933 1084 3002 ἀνδρείας
1102 2936 1136 2989 Ι).
1161 2969 1195 2975 -

173 3007 353 3075 νεωτερήσειν
367 3008 417 3061 ΑΙ)
434 3007 601 3075 νεωτερήσιν
615 3006 708 3060 OMR.
725 3040 757 3046 -
779 3013 793 3059 ’ί
810 3007 930 3074 δεσμοὺς
944 3006 964 3060 Ο
982 3003 1114 3075 δεσμίους
1129 3007 1195 3062 Exn.

173 3081 274 3134 deins.
291 3112 324 3120 —
344 3085 360 3134 9
375 3078 563 3150 έκσκουβήτου
573 3078 623 3131 ΑΙ)
642 3077 839 3149 ἰξκονβίτουΙΤ
854 3075 997 3148 έξουβίτον
1011 3078 1044 3131 R.
1061 3110 1096 3117 —
1112 3084 1146 3131 10
1161 3077 1195 3133 ὃν

173 3168 223 3205 om.
244 3152 324 3204 codd.
340 3157 451 3219 praeter
469 3151 568 3204 RExc.
588 3181 622 3190 -
641 3153 742 3211 παῖδες
758 3149 836 3203 AEG
855 3147 956 3212 παίδες
972 3165 1043 3202 rece.
1063 3149 1194 3203 nonnulli

173 3221 257 3285 πέδες
270 3222 336 3275 Exn.
353 3255 387 3261 -
406 3218 462 3292 είχε
476 3223 527 3275 AR
536 3222 601 3275 Exn.
622 3230 723 3276 τοῦτον
743 3217 799 3292 εἰχε
814 3219 923 3275 CDEG
942 3217 997 3292 εήε
1014 3228 1116 3276 τοῦτον
1131 3221 1193 3274 MV.

174 3325 207 3332 -
227 3294 276 3347 καλ
294 3299 358 3346 ante
376 3292 428 3361 τήν
451 3310 502 3347 om.
520 3293 584 3346 Exc.
610 3324 643 3331 —-
668 3298 699 3345 11
719 3301 770 3346 τοῦ
790 3301 912 3361 σωτῆρος
930 3290 1037 3362 ἡμέραν
1056 3292 1194 3346 ἐνστᾶοαν
1292 3301 1293 3352 3

175 3363 274 3415 AExo.
299 3364 436 3417 ἐνστᾰσαν
454 3362 561 3431 ήμέραν
579 3371 629 3417 τοῦ
644 3371 768 3430 σωτῆρος
783 3363 844 3417 rell.
864 3395 896 3402 —
918 3369 951 3416 12
970 3359 1029 3416 ἀλλ’
1047 3362 1098 3431 ἄγε
1113 3362 1193 3417 ODG

175 3433 215 3484 lit.
229 3449 297 3485 οοεκ.
313 3434 344 3484 in
358 3432 390 3482 D.
406 3463 441 3471 -—
461 3439 493 3485 16
509 3433 662 3500 διαδήματι
678 3433 693 3486 δ
708 3435 850 3501 δεσμώτης
863 3433 948 3487 AGM
965 3434 1054 3486 invito
1072 3434 1191 3502 Ignaiio.

174 3531 210 3538 -
230 3507 261 3552 17
281 3508 330 3567 τῆς
347 3505 419 3565 ζωῆς
441 3520 490 3554 om.
511 3501 571 3555 CR.
596 3535 631 3541 -
654 3509 688 3554 22
708 3505 810 3570 πικρὸν
828 3503 928 3558 AExc.
953 3504 1058 3573 πικράν
1078 3503 1139 3557 rell.
1160 3535 1192 3544 —-

177 3567 311 3633 ὀλεθρίαν
330 3569 389 3621 RV.
