2617 3909
196 193 260 258 638
507 191 694 244 Γετιεττου
711 190 893 243 nomon

262 340 350 403 Μετὰ
373 339 514 403 δὲταῦτα
531 340 683 422 Κυρίλλου
700 338 923 418 τελευτήσαντος
941 337 1096 416 ἐπιφύεται
1115 361 1214 418 μονα-

195 440 246 520 χός
259 462 302 514 τις
320 438 370 501 καί
387 437 616 522 άρχιμανδρίτης
629 436 769 518 Εύτυχής
783 434 1001 515 ὀνομαζόμενος
1018 434 1068 497 καί
1085 434 1213 521 ἀποσπᾷ

196 539 321 600 κατόπιν
342 536 436 600 αύτού
459 535 546 620 μέρος
563 534 620 597 οὐκ
638 532 739 617 ὀλίγον
758 544 812 597 τοῦ
829 539 904 597 λαοῦ
921 543 1023 615 κυρῶν
1043 531 1080 595 τά
1097 537 1213 596 Νεστο-

197 638 263 718 ρίου
285 634 336 697 ναί
357 633 390 696 τδ
417 633 525 697 ἑαυτοῦ
551 632 686 714 πονηρόν
713 632 809 715 δόγμα
835 633 960 711 φάσκων
986 632 1028 712 μὴ
1053 627 1132 694 εἶναι
1153 631 1212 711 τὴν

171 756 183 797 τ
198 735 291 814 σάρκα
307 740 361 794 τοῦ
378 733 485 812 κυρίου
502 729 576 812 ἡμῖν
594 728 762 811 δμοούσιον.
796 730 848 792 καί
867 730 906 810 δὴ
924 731 1014 792 πάλιν
1032 723 1092 810 μετ’
1107 727 1213 812 ὀλίγον

198 830 248 892 διὰ
274 833 429 911 βασιλικῆς
456 829 628 911 ἰσχύσαντος
653 828 749 911 χειρός
775 827 857 910 ἑτέρα
884 829 1011 903 σύνοδος
1037 828 1071 891 ἐν
1090 824 1212 913 Ἐφίσφ

196 928 336 1012 ληστρικῆ
353 950 398 1002 τις
415 927 465 990 καλ
483 928 538 1009 ούχ
555 925 622 989 δσία
640 927 807 1009 συνάγεται,
828 924 1100 1009 παραπεμφθέντος
1117 925 1213 988 ίκεῖσε

196 1024 247 1086 καλ
277 1027 451 1107 Φλαβιαυού
478 1023 834 1105 Κωυσταντινουπόλεως,
861 1024 917 1104 τὴν
943 1035 1042 1086 πᾶσαν
1071 1024 1212 1098 ἐξουσίαν

197 1124 364 1206 Διοσκόρου
383 1117 601 1207 Ἀλεξανδρείας
623 1123 748 1205 ἔχοντος.
793 1122 843 1184 καί
870 1124 1027 1202 φονεύεται
1048 1120 1103 1203 μὲν
1128 1127 1212 1184 Φλα-

158 1246 183 1287 ιο
197 1221 300 1302 βιανδς
328 1219 344 1283 ὁ
371 1227 456 1295 θεῖος
482 1220 659 1305 ὑπερμαχῶν
687 1231 740 1301 τῆς
767 1218 935 1304 όρθοδόξου
965 1215 1103 1301 πίστεως,
1135 1220 1212 1284 αἰνα-

197 1317 329 1401 τρέπεται
356 1318 388 1382 δὲ
415 1318 434 1400 ἡ
463 1319 495 1383 ἐν
519 1314 634 1405 Ἐφέσῳ
662 1320 763 1401 πρώτη
795 1319 936 1400 σύνοδος,
967 1318 1213 1402 ὑπογραφόντων

79 1406 81 1411 ’
197 1426 308 1503 φονικῆ
336 1419 388 1503 βίρι
413 1417 712 1498 τινῶνέπισκόπων,
743 1416 774 1491 ἐξ
800 1409 845 1479 άιν
874 1416 987 1499 ὑπῆρχε
1012 1417 1167 1491 Βασίλειος
1195 1416 1212 1479 δ

197 1515 380 1587 Σελευκείας.
424 1513 589 1577 κάντεῦθεν
615 1524 676 1575 τῶν
702 1524 756 1577 τοῦ
777 1516 943 1597 Νεστορίου
969 1514 1021 1576 καί
1042 1515 1212 1597 Διοσκόρου

99 1640 139 1681 εει
153 1637 184 1677 Μ.
197 1610 249 1671 καί
267 1609 423 1691 Εύτυχοάς
441 1611 701 1691 δημοσιευομένων
718 1622 860 1694 πονηρῶν
881 1614 1047 1695 δογμάτων,
1069 1612 1120 1675 καί
1137 1619 1212 1676 πολ-

160 1735 185 1777 15
199 1712 253 1787 λῆς
275 1717 403 1790 ταραχῆς
425 1707 583 1791 γενομένης
609 1708 660 1770 καλ
686 1711 775 1790 ζάλης
802 1712 925 1790 μάλιστα
950 1711 983 1773 ἒν
1009 1720 1045 1796 τῆ
1070 1710 1213 1798 άνατολῆ,

200 1805 357 1883 φονεύεται
384 1804 545 1890 Προτίριος
576 1805 592 1869 ό
626 1806 715 1888 μέγας
746 1808 840 1892 ἱερεύς
871 1808 921 1870 καλ
952 1808 1042 1890 ἕτεροι
1073 1814 1212 1872 πλεῖστοι.

199 1904 311 1965 τούτων
338 1895 394 1966 ούν
416 1905 511 1979 ούτως
535 1904 661 1986 ἐχόντων
683 1905 834 1969 ἀνίσταται
857 1907 970 1970 θεόθεν
993 1908 1172 1990 Μαρκιανὸς
1196 1906 1213 1969 δ

199 2002 346 2083 βασιλεύς,
368 2002 419 2066 καί
437 2003 612 2086 συναγαγὼν
629 2004 663 2067 ἐν
679 2004 851 2085 Χαλκηδόνι
868 2005 924 2085 την
941 2016 1000 2068 τῶν
1017 2004 1059 2087 χλ’
1076 2004 1213 2089 πατέρων

199 2101 339 2183 σύνοδον,
364 2102 519 2185 παρόντων
541 2103 709 2185 Διοσκόρου
736 2102 787 2164 καί
808 2103 978 2184 Εύτυχοῦς,
1005 2098 1074 2183 μεθ’
1095 2096 1137 2165 όν
1160 2103 1214 2166 καλ

160 2226 186 2267 20
200 2197 289 2273 αὐτὸς
306 2202 510 2284 παρευρεθείς,
532 2201 773 2274 καταδικάζονται
791 2199 845 2281 μὲν
862 2203 1026 2283 Διόσκορος
1043 2201 1094 2264 καί
1111 2200 1214 2265 Εύτυη

200 2295 253 2377 χης
276 2296 326 2359 καί
344 2298 505 2381 Νεστόριος
527 2297 578 2359 καί
599 2298 689 2360 πάλιν
710 2296 989 2380 άναθεματίζονται,
1019 2300 1212 2382 Θεοδάρητον

200 2391 233 2455 δὲ
256 2394 305 2455 καί
320 2394 406 2476 Ἴβαν
424 2395 474 2457 καί
492 2398 646 2459 Βασίλειον
664 2398 839 2470 Σελευκείας
860 2394 995 2470 ἐδέξαντο
1017 2403 1212 2479 καθυπογρα-

200 2490 335 2572 ψάντων,
357 2491 407 2553 καὶ
429 2502 482 2573 τῆς
499 2498 656 2577 λῃστρικῆς
674 2493 805 2556 συνόδου
828 2491 1045 2575 ἀνατραπείσης
1066 2493 1116 2555 καί
1138 2492 1212 2555 άνα-

201 2591 431 2670 θεματισθείσης
453 2591 495 2663 εἰς
518 2592 589 2671 μίαν
612 2593 791 2671 συμφωνίαν
813 2590 927 2673 ἤγαγον
948 2592 1061 2665 πάντας
1083 2593 1116 2653 οί
1130 2597 1212 2654 θεῖοι

161 2713 187 2755 ιτ
200 2684 328 2770 πατέρες.
958 2759 960 2763 ³

271 2787 390 2850 Τούτων
418 2785 450 2849 δὲ
477 2796 535 2849 τῶν
563 2784 594 2848 δ’
617 2788 754 2851 συνόδων
780 2788 858 2850 ούτω
885 2786 1053 2869 γενομένων
1074 2785 1125 2848 καλ
1148 2785 1212 2849 ἐπι·

201 2884 428 2968 βεβαιωθέντων
450 2883 500 2946 καί
521 2885 710 2966 κρατούντων
726 2885 760 2948 ἐν
780 2894 816 2970 τῆ
839 2894 892 2947 τοῦ
914 2891 990 2947 θεοῦ
1012 2874 1215 2968 ἐκκλησίρ,ὀί

272 3054 289 3101 4
311 3048 362 3119 τὴν
385 3048 487 3121 σάρκα]
509 3047 541 3103 τὸ
564 3056 641 3119 σῶμα
665 3048 723 3103 RV.
746 3079 783 3088 -
810 3052 825 3101 7
849 3045 999 3119 συνάγεται
1026 3048 1068 3118 (in
1092 3048 1118 3099 A
1140 3064 1175 3102 κι.
1195 3053 1211 3101 1

124 3188 126 3193 Ι
201 3136 269 3175 corr.
292 3136 326 3175 επ
354 3118 505 3191 συνέχεται)
529 3118 604 3173 ΑΒΡ
630 3116 738 3190 γίνεται
760 3118 819 3173 rell.
849 3151 883 3159 -
912 3125 945 3174 13
968 3114 1111 3182 σελευκίας
1130 3116 1212 3172 GGN

202 3210 281 3279 σελεύ
297 3225 328 3279 Β.
353 3258 387 3267 -
416 3232 448 3280 15
470 3226 621 3317 γενομένης
642 3226 736 3280 REM.
761 3257 794 3265 -
823 3231 857 3280 18
880 3224 1033 3297 καλχηδόνι
1055 3224 1168 3296 (ηδόνη
1186 3225 1213 3279 V

202 3292 297 3364 -ιδόνη
312 3295 347 3366 Α)
363 3297 444 3351 ABV.
465 3330 498 3339 -
517 3318 568 3367 την
586 3314 637 3353 om.
653 3296 716 3351 GM.
735 3328 769 3337 -
788 3301 824 3350 20
841 3294 996 3364 παρευθείς
1014 3296 1039 3351 G
1060 3293 1212 3365 πορευθείς

202 3366 348 3491 gggp—
369 3367 583 3432 καταδικάζεται
604 3367 628 3419 Β
650 3374 676 3421 ελ
697 3383 767 3422 roeo.
786 3367 922 3422 nonnulli.
951 3399 985 3408 -
1013 3373 1047 3422 22
1071 3365 1211 3430 σελευκίας

275 3573 307 3621 21
328 3569 377 3621 καλ
395 3576 458 3624 οπλα
475 3569 560 3623 πάλιν
578 3586 628 3625 ονε.
642 3568 673 3623 Ρ,
