2617 3909
198 220 260 282 778
512 222 700 274 Γεωεειοε
718 224 900 274 ΜοαΑΧου

196 379 248 448 της
275 369 308 432 ἐκ
336 380 394 431 τῶν
421 368 518 431 άλλων
545 380 720 451 χριστιανῶν
749 369 916 453 διαιρέσεως
945 371 1113 452 ἐσχηκότων
1145 395 1214 454 προ-

197 467 335 545 εμήνυεν.
380 467 431 528 καί
453 466 554 548 μέντοι
575 467 626 528 καί
649 467 762 548 σεισμολ
786 470 913 550 φοβεροί
933 492 962 530 τε
985 469 1036 530 καὶ
1058 469 1215 549 ἐπάλληλοι

196 565 246 626 καί
274 565 353 644 λιμοί
380 565 430 627 καί
455 564 563 646 αύχμοί
591 565 641 626 καί
664 565 750 647 ἀέρος
777 567 940 649 φλοχώσεις
967 567 1141 649 γεγόνασιν,
1169 568 1215 629 καὶ

199 664 313 736 στάσεις
335 664 475 743 ἐμφύλιοι
497 662 571 724 κατὰ
594 674 694 725 πᾶσαν
716 665 814 746 χώραν
837 663 887 724 καὶ
905 664 993 726 πόλιν
1016 663 1049 726 ἐκ
1066 675 1129 726 τῶν
1148 663 1215 745 ἡμε-

171 771 259 843 ιρῶν
281 761 441 844 ἀρξάμενοι
458 771 512 823 τοῦ
530 768 714 843 θεοστυχοῦς
732 761 782 822 καί
800 761 975 846 ἀλάστορος,
999 761 1082 844 μέχρι
1106 770 1216 826 πολλοῦ

197 859 228 921 τὸ
256 859 356 921 δεινόν
383 868 435 940 τῆς
462 859 609 939 ἐμφυλίου
637 871 795 941 συμφορᾶς
823 860 1017 941 ἐπικρατῆσαι
1047 860 1216 942 συμβέβηκε

196 957 323 1037 νόσημα.

266 1057 376 1117 Τοίνυν
408 1046 622 1135 ἐκμιμούμενος
653 1057 706 1118 τὸν
732 1057 823 1117 πάλαι
855 1065 908 1135 τῆς
941 1067 1077 1136 μυσάρᾶς
1111 1058 1218 1136 ταύτης

197 1152 333 1236 αἱρέσεως
360 1153 489 1235 ἀρχηγὸν
518 1151 679 1233 ὁμώνυμον
707 1154 800 1215 αὐτοῦ
832 1154 882 1215 καί
911 1151 1079 1236 ὁμότροπον
1108 1153 1217 1236 ἤρξατο

158 1273 183 1313 ιο
198 1261 250 1331 τῆς
277 1252 369 1332 αὐτῆς
396 1251 515 1331 ἔχεσθαι
543 1252 737 1333 δυστροπίας,
769 1246 831 1313 εἶτα
859 1253 1032 1333 συμμάχους
1061 1252 1114 1314 καὶ
1146 1271 1217 1332 συμ-

197 1351 309 1429 μύστας
337 1349 411 1410 κατὰ
438 1359 491 1429 τῆς
518 1349 667 1431 εὐσεβείαις
695 1349 854 1429 ἐκζητήσας
882 1342 967 1433 εὗρεν
987 1346 1136 1430 Ἰωάννην
1169 1351 1225 1412 τὸν

198 1449 355 1530 λεγόμενον
374 1447 594 1529 Γραμματικόν,
619 1452 730 1527 μᾶλλον
754 1446 786 1509 δὲ
802 1443 921 1528 Ἰαννην
944 1446 1033 1509 άλλον
1052 1447 1072 1530 ἢ
1093 1451 1217 1530 Σίμωνα

197 1547 248 1608 ἐπί
273 1569 302 1606 τε
331 1547 587 1624 λεκανομαντείαις
615 1545 665 1606 καὶ
693 1547 890 1628 φαρμακείαις
918 1545 968 1607 καὶ
997 1548 1216 1630 αἰσχρουργίας

198 1643 447 1724 διαβεβοημένον,
475 1643 525 1704 καὶ
553 1642 670 1727 ἕτέρους
698 1643 779 1718 τινὰς
804 1639 946 1718 Ἰαννίτας
976 1644 1026 1705 καὶ
1051 1639 1216 1728 Ἰαμβρίτας
1295 1639 1296 1688 3

159 1742 248 1803 τεκαὶ
267 1743 437 1821 Σιμωνίτας
458 1739 631 1824 ὁμόφρονας
651 1741 701 1803 καὶ
720 1743 818 1821 πάσης
836 1744 940 1816 κακίας
958 1744 1215 1834 πεπληρωμένους.

199 1838 253 1914 οὓς
276 1840 314 1919 δὴ
337 1839 388 1900 καί
406 1835 476 1921 παρ’
498 1839 591 1924 ἑαυτῷ
606 1839 735 1921 κατέχων
756 1840 788 1902 ἐν
807 1847 846 1924 τῷ
861 1842 992 1926 παλατίφ
1011 1848 1217 1924 προσκαλεῖται
1295 1853 1296 1906 ι

198 1937 380 2020 Νικηφόρον
408 1938 460 2000 τὸν
488 1935 627 2016 ἀοίδιμον
656 1939 838 2018 πατριάρχην
870 1937 921 1999 καὶ
950 1939 1020 2012 τοὺς
1053 1940 1112 2000 σὺν
1144 1941 1219 2024 αύτῷ
1295 1959 1296 2022 ι

198 2037 382 2117 προύχοντος
414 2035 594 2109 ἐπισκόπους
626 2059 655 2097 τε
692 2035 742 2097 καὶ
774 2038 970 2110 διδασκάλους
1004 2037 1137 2100 ἐνώπιον
1169 2048 1217 2117 τῆς
1295 2027 1296 2086 ί

200 2135 367 2216 συγκλήτου
395 2136 447 2195 καί
467 2150 573 2213 φησιν·
604 2132 699 2194 ίστέον
727 2133 767 2206 ὡς
794 2133 959 2214 ἀνέστησάν
981 2158 1060 2208 τινες
1087 2135 1217 2217 λε’χοντες

73 2253 186 2294 mmm
200 2232 241 2313 μη
266 2234 328 2293 δεῖν
351 2237 586 2312 προσκυνεῖσθαι
609 2231 661 2306 τὰς
679 2232 807 2312 εἰκόνας,
830 2231 884 2306 οὓς
906 2233 933 2294 εἰ
954 2234 1101 2313 βούλεσθε
1125 2257 1217 2314 παρα-

199 2339 304 2409 στῆναι
326 2328 377 2390 καὶ
400 2330 595 2410 διαλεχθῆναι
617 2328 685 2412 περί
705 2330 817 2390 τούτων
841 2329 1032 2410 ἐκδηλότερον
1055 2331 1087 2393 τὸ
1107 2329 1218 2412 ἀληθὲς
1295 2357 1296 2374 ³

200 2429 374 2507 φανήσεται.
414 2429 489 2510 πρὸς
512 2424 548 2489 δυ
572 2425 587 2487 ό
610 2433 695 2500 θεῖος
718 2428 897 2510 Νικηφόρος
919 2426 1008 2490 οὐδὲν
1031 2427 1218 2510 ἀπεκρίνατο,

200 2526 258 2605 ἔφη
279 2524 310 2586 δὲ
333 2526 408 2606 πρὸς
429 2525 498 2598 τοὺς
517 2523 752 2606 παρισταμένους
775 2526 961 2608 μεχιστάυας·
985 2525 1084 2587 εἴπατέ
1103 2551 1165 2606 μοι,
1188 2527 1218 2588 τὸ

201 2623 241 2703 μὴ
269 2622 306 2684 δν
334 2624 459 2684 δύναται
486 2629 599 2684 πεσεῖν·
632 2633 692 2683 τῶν
722 2621 754 2684 δὲ
786 2632 821 2707 τῇ
849 2622 978 2708 ἀσαφείᾳ
1007 2634 1060 2703 της
1087 2625 1218 2696 πεύσεως

273 2809 341 2856 2-7
356 2804 391 2871 cf.
406 2803 495 2873 Epist.
511 2804 548 2856 ad
563 2803 751 2873 Theophilum
766 2821 806 2872 ep.
818 2810 851 2857 24
871 2804 966 2874 Migne
980 2803 1058 2857 Tom.
1070 2809 1114 2872 95,
1125 2804 1216 2858 3761).

201 2909 234 2916 -
263 2881 318 2928 8-
327 2883 360 2929 12
388 2875 575 2929 Theostericti
603 2875 662 2928 vita
690 2874 809 2929 Nicetae
836 2893 876 2944 ep
896 2880 1137 2954 312-23-12
1159 2881 1217 2940 779,

201 2955 217 3002 6
236 2947 379 3002 Ἱλιοοεόει
395 2949 430 3001 ιλ).
446 2964 486 3016 ομ
503 2952 544 2999 33

273 3114 289 3160 4
309 3107 418 3170 στάσεις
436 3107 542 3175 (στάσις
556 3107 590 3172 A)
606 3106 735 3175 ἐμφύλιοι
750 3106 825 3160 ΑΒΕ
844 3105 955 3168 στάσεις
968 3107 1074 3176 (στάσις
1092 3107 1218 3176 quidam)

201 3177 383 3248 ἐμφυλίωνΒ
402 3178 496 3240 στάσις
514 3178 648 3271 ἐμφύλιος
666 3177 725 3232 rell.
747 3179 820 3247 (περί
840 3177 961 3232 στάσεων
976 3177 1118 3247 ἐμφυλίων
1137 3181 1218 3234 etiam

200 3268 252 3321 my.
264 3250 357 3320 V)-
375 3248 458 3304 πόλιν
472 3249 628 3332 καλχάιραν
642 3249 753 3302 BR.-
774 3250 840 3303 θτδ
855 3249 1048 3340 δεινὸνηιηυε
1061 3250 1140 3318 adp.
1158 3255 1218 3316 ⁷80,

203 3326 236 3374 10
255 3319 466 3390 εδοεβείαςιαιο
484 3320 552 3387 folio
568 3322 695 3375 interciso
709 3337 760 3374 om
776 3320 858 3375 G.-
879 3318 1014 3390 ἐμφυλίοις
1027 3320 1053 3373 R
1066 3338 1117 3376 om.
1132 3321 1165 3375 Β.
1186 3353 1217 3362 -

202 3396 218 3442 9
242 3391 318 3460 αύτῷ
340 3391 433 3443 Ν.-
457 3396 490 3443 10
514 3391 611 3461 αὐτῆς]
634 3391 723 3444 αύτου
746 3391 895 3444 ΒΙΝμ-
925 3397 956 3445 11
981 3391 1064 3460 ίαννη
1067 3413 1083 3445 ν
1108 3391 1218 3446 ABDR

203 3443 328 3545 ίωάννην
347 3459 371 3513 G
393 3459 428 3513 ίω
444 3459 967 3530 Μ.-13λεκοινοαντίαιςΛΙιΜΙλ
982 3493 1017 3502 -
1035 3463 1085 3515 καί
1104 3483 1165 3531 φαρ
1166 3484 1217 3532 μ-σι

203 3525 292 3587 κείαις
318 3545 367 3582 om
391 3529 488 3581 N.—
518 3537 551 3584 24
575 3532 630 3584 ἀσα
632 3530 700 3599 εφία
708 3481 779 3606 μ-(ία
797 3534 832 3602 A)
851 3533 926 3587 ABV
936 3532 1047 3587 Theost.
1075 3484 1217 3609 ἀσφαλεία
1295 3569 1296 3604 ι

203 3595 257 3668 (-ι’ᾳ
276 3598 309 3664 Ε)
327 3598 441 3650 rell.—
409 3600 582 3661 -τιεύσεως
600 3602 702 3654 ABLV
712 3587 823 3657 Thdos'n.
847 3601 964 3665 πίστεως
982 3603 1041 3658 rell
1295 3605 1296 3620 ¹
