2617 3909
543 254 731 306 XPONIKON
1072 247 1139 313 425

117 405 183 483 ,την
208 405 304 466 πόλιν,
351 403 447 483 ὥσπερ
476 402 491 465 6
515 402 618 483 ’ἰατρὸς
646 401 697 462 διδι
724 397 783 480 τῆς
798 409 852 462 τοῦ
875 400 1000 473 σκεύους
1022 391 1139 480 συντρι-

116 505 195 583 ’βῆς,
217 502 294 563 ούτιο
317 500 368 562 καὶ
391 500 407 563 6
431 500 502 574 θεὸς
526 499 575 561 διὰ
593 510 646 579 τῆς
664 498 738 559 κατδι
756 499 811 578 τὴν
829 498 916 562 πόλιν
934 506 1140 577 καταστροφῆς

117 600 177 662 καὶ
198 598 324 672 άκοντας
346 598 456 672 αύτούς
478 597 611 679 ἀπήγαγε
639 607 693 659 τοῦ
715 598 891 678 πράγματος.
937 594 999 657 ἐπεὶ
1019 595 1092 676 γάρ,
1114 593 1142 654 εἰ

116 706 262 779 φανερῶς
289 692 384 759 εἶπεν·
416 696 575 777 ἀπόστητε,
602 696 659 758 οὐκ
686 693 724 755 ἂν
750 693 908 775 ἠνέσχοντο
935 692 1060 778 ῥηιδίως,
1091 690 1140 752 διὰ

114 806 180 876 τῆς
201 794 276 857 κατδι
298 794 350 856 τὸν
373 793 465 857 τόπον
487 793 619 875 ἀνάγκης
643 793 854 866 λανθανόντως
876 791 985 864 αύτούς
1007 789 1139 871 ἀπήγαγε
1167 810 1180 851 5

123 902 180 973 τῆς
207 891 274 974 περί
301 893 334 955 τὸ
362 900 482 973 πρᾶγμα
504 894 620 971 μανίας.
666 892 738 953 ἔστα
761 892 863 952 τοίνυν
886 888 903 951 6
926 888 980 970 μὲν
1003 888 1101 969 ίατρδς
1124 884 1140 947 6

111 990 213 1069 θεός,
250 988 270 1069 ἡ
303 988 335 1052 δδ
367 992 460 1069 φιάλη
492 987 511 1069 ἡ
543 990 644 1069 πόλις,
677 988 693 1051 6
722 987 753 1051 δὲ
784 998 883 1050 νοσῶν
917 986 933 1049 6
965 987 1141 1068 δυσάρεστος

114 1089 222 1167 Ιδῆμος
254 1098 313 1149 τῶν
342 1082 509 1169 Ἰουδαίων,
544 1085 563 1167 ἡ
597 1085 629 1149 δὲ
662 1088 851 1168 ψυχροποσία
882 1084 902 1165 ἡ
932 1096 991 1147 τῶν
1022 1091 1140 1146 θυσιῶν

116 1186 268 1266 ἐπιτροπὴ
301 1184 351 1247 καί
383 1185 507 1259 ἐξουσία.
553 1186 581 1246 εί
611 1184 666 1266 γὰρ
695 1186 735 1264 μὴ
766 1195 851 1245 τοῦτο
878 1183 1021 1264 ἠβούλετο
1052 1204 1140 1243 κατα-

120 1284 281 1363 σκευάσαι,
309 1285 389 1356 τίνος
416 1282 515 1345 ἕνεκεν
542 1284 583 1357 είς
610 1282 703 1344 τόπον
730 1281 782 1344 ἕνα
809 1280 973 1343 συνέκλεισε
1000 1280 1056 1359 τὴν
1080 1302 1140 1340 τοι·
1155 1300 1181 1341 ιο

120 1382 221 1460 αύτην
250 1383 364 1443 θυσίαν
392 1380 409 1443 6
434 1390 584 1461 πανταχοῦ
611 1378 715 1461 παρὼν
742 1378 792 1441 καλ
819 1379 854 1440 τδι
881 1380 978 1439 πάντα
1004 1383 1140 1459 πληρῶν;

120 1481 206 1553 ’τίνος
232 1480 317 1561 χάριν
344 1478 399 1557 τὴν
428 1477 481 1557 μὲν
509 1478 643 1559 λατρείαν
669 1479 712 1551 εἰς
738 1478 863 1558 θυσίας,
890 1476 942 1551 τδις
969 1474 1002 1539 δὲ
1031 1476 1141 1549 θυσίας

116 1579 169 1651 εἰς
195 1576 301 1657 τόπον,
331 1576 383 1637 τὸν
411 1575 443 1638 δὲ
470 1578 562 1639 τόπον
592 1578 634 1650 είς
665 1575 784 1658 καιρόν,
816 1575 868 1637 τδν
900 1573 932 1636 δὲ
963 1574 1067 1655 καιρὸν
1098 1573 1140 1646 είς

49 1734 54 1743 ,
116 1678 198 1756 μίαν
229 1676 316 1737 πόλιν
349 1674 526 1757 συναγαγὼν
558 1674 653 1754 αύτην
687 1675 777 1735 πόλιν
812 1674 932 1753 ἐκείνην,
964 1664 1140 1753 κατέστρεψε

122 1772 182 1853 τὴν
205 1772 305 1849 πόλιν;
329 1771 379 1834 καλ
402 1774 434 1835 τὸ
458 1772 496 1852 δη
515 1772 691 1851 θαυμαστόν
713 1771 764 1833 καὶ
786 1772 970 1855 παράδοξον,
993 1771 1037 1831 ότι
1058 1780 1139 1830 πᾶσα
1154 1789 1179 1833 τι

121 1871 180 1952 μὲν
205 1868 224 1950 ἡ
253 1869 413 1950 οἰκουμένη
440 1876 501 1944 τοῖς
521 1865 679 1943 Ἰουδαίοις
705 1868 834 1949 άνεῖται,
862 1869 940 1931 ἔνθα
966 1868 1023 1930 ούκ
1049 1868 1139 1941 ἔξεστι

123 1969 225 2049 θύειν,
254 1968 331 2047 μόνη
359 1964 614 2049 δὲἽερουσαλημ,
640 1956 717 2053 ἕνῇ
744 1966 794 2029 καί
822 1968 915 2047 μόνον
942 1966 1031 2027 θύειν
1058 1965 1139 2044 ἐξῆν,

119 2064 235 2147 άβατος
257 2064 307 2127 καί
330 2066 438 2146 ἕρημος
461 2065 589 2147 γέγονεν,
1108 2079 1109 2082 ’

193 2162 268 2245 Περὶ
295 2156 338 2224 ὧν
366 2162 465 2242 μέντοι
492 2188 524 2245 γε
550 2163 601 2225 καλ
623 2163 656 2225 ἐν
678 2170 741 2236 ταῖς
764 2162 971 2234 άποστολικαῖς
994 2161 1142 2234 διατάξεσί

122 2280 221 2341 φησιν
244 2261 260 2324 6
284 2266 368 2336 θεῖος
395 2262 492 2343 λόγος·
520 2260 581 2341 ἤδη
604 2259 636 2323 δὲ
664 2260 715 2321 καλ
737 2261 794 2341 πρδ
817 2269 869 2339 τῆς
892 2258 1037 2340 ἕνσάρκου
1060 2258 1139 2319 οἰκο-
1153 2280 1180 2319 εο

121 2361 232 2439 νομίας
259 2358 389 2442 ἐναργῶς
416 2358 431 2423 6
460 2360 532 2433 θεὸς
558 2351 591 2421 εὖ
620 2360 697 2437 μάλα
723 2364 880 2441 παρῃτεῖτο
906 2356 959 2429 τὰς
987 2366 1046 2417 τῶν
1065 2350 1140 2417 Ἰου-

123 2459 220 2519 δαίων
250 2459 362 2532 θυσίας
388 2457 603 2539 ἐξαμαρτόντας
629 2457 672 2530 εἰς
694 2454 786 2518 αύτδν
808 2454 948 2527 πολλάκις
970 2453 1020 2515 καλ
1042 2451 1140 2533 οίομέ-
1154 2477 1193 2516 ειν
1207 2475 1239 2513 M.

122 2579 199 2629 νους
218 2554 268 2617 διδι
287 2557 397 2628 θυσίας
415 2550 478 2615 ἀλλ’
495 2554 532 2616 ού
550 2554 600 2616 διὰ
619 2556 774 2635 μετανοίας
790 2552 882 2615 αύτὸν
895 2552 1139 2631 ἐξευμενίζεσθαι.

124 2653 204 2733 φησί
226 2652 282 2735 γάρ
306 2653 356 2715 διὰ
378 2663 437 2715 τῶν
459 2662 641 2734 προφητῶνῖ
661 2657 710 2714 ἵνα
728 2654 758 2713 τί
775 2675 826 2731 μοι
844 2650 945 2732 φέρετε
967 2652 1090 2730 λίβανον
1108 2648 1141 2710 ἐκ

123 2754 214 2832 Σαβῶ
241 2750 291 2812 καλ
318 2752 492 2831 κινάμωμον
519 2750 552 2812 ἐκ
578 2759 633 2833 γῆς
662 2750 828 2831 μακρόθεν;
856 2748 891 2809 τδι
913 2746 1141 2827 ὁλοκαυτώματα
1153 2770 1179 2809 τε

199 2966 303 3028 19-φ.
319 2963 380 3025 427,
396 2963 411 3011 9
431 2957 523 3012 const.
540 2958 638 3029 Apost.
654 2957 701 3025 vl,
716 2963 757 3011 22.
782 2987 817 2996 -
840 2961 875 3009 24
893 2955 947 3010 Jer.
963 2960 988 3022 6,
1003 2959 1045 3008 20.

200 3145 213 3193 1
234 3136 325 3205 ὥσπερ
349 3136 364 3191 6
384 3136 479 3204 ίατρδς
497 3135 573 3188 ΑΒΡ
601 3136 650 3189 καλ
674 3132 764 3202 ὥσπερ
784 3133 799 3188 6
819 3132 954 3202 ίατρδςῙι
977 3132 1026 3187 καί
1049 3130 1139 3199 ὥσπερ

120 3210 187 3281 (om.
208 3208 223 3263 6
243 3208 348 3278 ἰατρὸς)
368 3206 534 3262 OEFNRV.
556 3238 589 3246 -
614 3212 628 3259 7
652 3204 720 3273 ἡδὲ
740 3204 826 3274 φιάλη
845 3202 961 3274 ἡπόλις
983 3220 1033 3258 σοι.
1053 3203 1086 3257 A.
1106 3235 1140 3243 -

124 3280 214 3351 φιάλη
238 3281 277 3334 lit.
299 3296 368 3333 σοκκ.
391 3296 425 3333 επ
450 3278 552 3347 φιάλης
575 3276 599 3329 D
623 3274 731 3346 φιάλης
753 3293 823 3331 rece.
842 3276 969 3346 plerique
993 3272 1096 3344 φίαλης
1118 3273 1140 3327 L

125 3352 226 3421 φιάλις
242 3347 326 3405 ΟΕΜ
346 3346 442 3420 φίαλις
460 3350 488 3403 F.
509 3381 542 3389 —-
564 3354 597 3403 14
616 3345 726 3416 ἐκείνην
744 3365 796 3403 om.
812 3346 869 3400 GR.
887 3379 924 3387 -
943 3352 976 3400 16
996 3346 1047 3400 ούκ
1066 3346 1140 3400 ἔστιν

124 3422 247 3476 EMRV.
264 3454 297 3461 -
317 3427 350 3475 18
370 3421 473 3493 ἄβατος
492 3421 588 3483 αύτοῖς
605 3420 655 3474 καί
672 3418 722 3471 FN
744 3418 847 3490 άβατος
864 3418 917 3489 γάρ
936 3418 985 3471 καί
1003 3416 1090 3469 ERV.
1105 3448 1140 3456 -

127 3500 160 3548 19
176 3513 207 3563 γε
221 3510 271 3548 om.
281 3493 314 3546 A.
330 3525 363 3533 —-
378 3492 426 3546 καλ
440 3508 490 3547 om.
506 3491 650 3545 GENRV.
664 3521 699 3530 —
713 3496 746 3543 22
763 3490 973 3557 ἐξαμαρτῶντας
987 3486 1140 3541 OFLNRV

120 3563 370 3689 1ἐξαμρηρΕτμΕόρμρντας
389 3563 445 3617 AB.
469 3595 502 3603 —
527 3568 560 3616 25
582 3562 655 3633 σαβδι
674 3560 755 3614 DEP
779 3562 869 3633 σαββῶ
887 3560 917 3613 B.
943 3591 976 3599 -
999 3557 1139 3626 κιννάμω-

125 3656 180 3706 μον
305 3678 309 3687 .
347 3664 352 3671 ·
