2617 3909
191 239 257 303 492
505 242 692 294 ΓΕΩΡΙῚΟΤ
709 240 893 293 ΜΟΝΑΧΟΤ

191 387 345 451 καλέσουσι
371 388 405 449 τὸ
433 388 527 468 ὄνομα
555 389 647 451 αύτοῦ
668 384 875 469 Ἐμμανουήλ,
905 388 922 449 ὅ
944 386 1004 449 ἐστι
1028 384 1098 467 μεθ’
1119 386 1212 468 ήμῶν
1295 402 1296 413 ’

191 486 207 549 δ
229 486 316 565 θεύς;
343 490 405 550 καί
434 487 505 570 πρὶν
531 486 551 568 ἣ
579 498 692 569 γνῶναι
717 488 751 551 τὸ
775 488 897 548 παιδίον
923 491 1024 547 καλεῖν
1050 486 1164 569 πατέρα
1187 486 1211 568 ή

91 604 130 644 τοι
144 603 174 643 οι.
190 584 299 667 μητέρα
322 586 448 664 λήψεται
470 586 600 666 δύναμιν
618 591 782 666 Δαμασκοῦ
800 585 850 647 καί
868 585 904 646 τὰ
922 591 1015 647 σκῦλα
1033 588 1212 666 Σαμαρείας

189 683 288 745 ἔναντι
311 682 453 764 βασιλέως
472 678 649 766 Ἀσσυρίους
678 683 694 746 δ
717 683 750 746 δέ
772 686 903 763 θεόπτης
924 688 1076 764 Μωϋσής·
1100 684 1210 746 ἀνατε-

163 787 242 861 ελεῐ,
266 783 369 861 φησίν,
399 779 507 864 άστρον
529 782 559 856 ἐξ
579 776 684 862 Ἰακὼβ
706 782 757 844 καί
779 780 941 863 άνθραπος
963 781 993 856 ἐξ
1014 777 1132 864 Ἰσραήλ
1155 781 1210 843 καὶ
1296 862 1297 869 ¹

189 879 315 959 θραύσει
338 879 407 952 τοὺς
429 878 576 962 άρχηγοὺς
598 880 711 960 Μωάβ.
755 882 818 941 καί·
843 880 1019 953 ἐξελεύσεται
1040 877 1209 959 άνθροοπος

189 976 223 1036 ἐκ
244 986 297 1038 τοῦ
320 974 483 1058 σπέρματος
506 977 599 1040 αὐτοῦ
621 976 672 1038 καί
694 978 841 1059 κυριεύσει
863 977 964 1038 ἐθνῶν
985 981 1113 1039 πολλῶν.
1160 978 1208 1040 ὅτι

190 1073 243 1153 μὲν
266 1067 322 1136 οὖν
344 1072 506 1157 ἅνθρωπος
529 1076 692 1155 φανήσεται
715 1075 765 1136 διὰ
785 1076 898 1137 τούτων
914 1075 1208 1157 προκαταγγέλλεται,

190 1172 234 1234 ὅτι
257 1170 289 1234 δὲ
311 1174 414 1256 κύριος
432 1175 552 1236 πάντων
570 1174 808 1255 προσημαίνουσι
825 1173 915 1234 πάλιν
934 1173 1110 1251 φάσκοντες·
1135 1173 1207 1236 ἰδοὺ

149 1298 176 1338 ιο
188 1271 291 1351 κύριος
313 1272 444 1350 κάθηται
466 1271 514 1334 ἐπὶ
536 1270 663 1350 νεφέλης
685 1272 804 1350 κούφης
825 1269 876 1332 καί
898 1271 961 1350 ήξει
983 1271 1026 1345 εἰς
1045 1272 1207 1353 Αἴγυπτον

188 1369 238 1431 καὶ
256 1370 443 1449 σεισθήσεται
460 1370 496 1431 τὰ
516 1371 703 1451 χειροποάμα
720 1370 885 1450 Αἰγύπτου.
921 1371 984 1431 καί·
1008 1369 1076 1431 ίδοὺ
1094 1369 1112 1432 ὅ
1130 1371 1205 1444 θεὸς

187 1466 273 1547 ήμῶν
296 1468 360 1547 ήξει
382 1467 432 1528 καί
454 1469 541 1529 σώσει
563 1465 651 1548 ἡμᾶς,
675 1466 724 1528 καί
747 1467 809 1529 τότε
831 1465 1064 1548 ἀναχθήσονται
1082 1465 1203 1547 ὀφθαλ-

188 1566 238 1644 μοὶ
265 1571 386 1643 τυφλῶν
413 1564 463 1626 καὶ
486 1559 545 1626 ὦτα
567 1575 679 1643 κωφῶν
702 1564 926 1647 άνοιγήσονται,
955 1564 1006 1626 καί
1028 1563 1139 1628 ἆλεῖται
1163 1563 1203 1640 ὡς

187 1663 297 1740 ἔλαφος
315 1661 331 1724 δ
350 1662 452 1742 χωλός,
474 1660 525 1722 καί
542 1662 634 1743 τραυὴ
652 1662 732 1723 ἔσται
749 1667 865 1744 γλῶσσα
884 1664 1074 1744 μογγιλάλων.
1108 1661 1127 1743 ή
1148 1661 1203 1743 μέν

148 1785 174 1827 14
188 1753 244 1821 οὖν
270 1761 436 1841 προφητεία
463 1759 537 1822 θεὸν
558 1759 712 1838 ἐπιδημεῖν
734 1759 882 1841 προλέγει,
908 1759 999 1822 τὰδὲ
1023 1767 1130 1840 σημεῖα
1151 1761 1202 1823 καὶ

188 1857 239 1918 τὸν
261 1858 369 1940 χρόνον
387 1867 440 1938 τής
462 1859 625 1937 παρουσίας
647 1860 788 1939 γνωρίζει.
824 1857 887 1919 τότε
906 1857 962 1939 γὰρ
981 1867 1072 1919 ταῦτα
1088 1860 1200 1938 πεπλή-

188 1979 309 2038 ρωντοιι,
338 1956 412 2036 άπερ
435 1953 574 2018 οὐδέποτε
596 1955 734 2037 γεγόνασι
755 1955 898 2038 πρότερον
920 1955 980 2017 ύπύ
1002 1978 1083 2030 τινος
1105 1957 1139 2019 ἓν
1160 1964 1200 2041 τῷ
1299 1984 1300 1987 ’

184 2047 307 2135 Ἰσραήλ.
354 2052 420 2136 περὶ
444 2050 476 2116 δέ
499 2062 551 2114 τοῦ
574 2054 695 2127 πάθους
717 2054 809 2116 αὐτοῦ
831 2053 921 2116 πάλιν
944 2055 1051 2133 φησίν·
1081 2051 1199 2136 άνθρο·

186 2174 243 2226 πος
264 2152 297 2214 έν
319 2158 418 2238 πληγή
442 2149 484 2212 ὢν
507 2150 558 2213 καί
580 2151 667 2226 εἰδὼς
689 2151 791 2234 φέρειν
815 2153 960 2230 μαλακίαν
978 2150 1132 2232 ήτιμάσθη
1149 2152 1199 2213 καί

146 2277 173 2318 νο
187 2251 242 2313 ούκ
270 2250 420 2332 ἐλογίσθη.
462 2242 560 2322 οὗτος
586 2248 638 2322 τὰς
665 2249 807 2333 ἁμαρτίας
834 2246 920 2328 ήμῶν
948 2248 1030 2330 φέρει
1056 2249 1106 2311 καί
1132 2250 1198 2334 περὶ

186 2346 271 2428 ήμῶν
295 2347 447 2429 ὀδυνᾶται,
470 2347 519 2410 καί
542 2345 627 2430 ἡμεῖς
645 2349 842 2431 ἐλογισάμεθα
860 2347 951 2410 αὐτὸν
969 2342 1047 2409 είναι
1064 2348 1097 2409 έν
1114 2348 1196 2433 πόνῳ

186 2445 236 2506 καὶ
258 2446 290 2508 έν
312 2451 410 2531 πληγή
434 2445 484 2507 καί
506 2446 539 2508 έν
561 2448 694 2508 κακώσει.
740 2445 828 2518 αὐτὸς
852 2443 884 2506 δὲ
905 2444 1126 2527 έτραυματίσθη
1149 2446 1198 2508 διὰ

258 2640 273 2687 2
290 2634 345 2689 Jes.
361 2640 387 2702 8,
401 2639 425 2689 4.
440 2666 476 2674 -
490 2642 506 2689 4
520 2634 603 2690 Num.
618 2641 662 2703 τι,
678 2639 719 2688 ιτ.
733 2665 769 2674 -
784 2639 799 2686 ο
813 2635 850 2690 ιο.
865 2640 909 2703 τε,
923 2639 948 2687 τ.
963 2665 998 2674 -
1013 2639 1029 2686 ο
1043 2634 1098 2688 Jos.
1115 2641 1157 2702 ιο,
1172 2638 1195 2689 1.

187 2711 292 2759 11-18
301 2705 436 2760 Athanas.
448 2706 483 2760 de
493 2706 597 2761 incarn.
608 2723 649 2775 cp.
660 2711 695 2760 38
709 2704 948 2774 Mign41610.—
959 2711 990 2758 11
1002 2705 1057 2759 Jes.
1068 2712 1112 2773 35,
1120 2712 1195 2777 4sqq.

187 2809 220 2817 -
232 2783 326 2847 18-φ,
336 2783 396 2844 493,
407 2783 423 2830 3
437 2778 540 2832 Ατὴοα.
551 2779 587 2834 ib.
597 2795 636 2848 οφ.
649 2782 683 2832 34
696 2777 793 2846 Migne
803 2782 854 2830 1153
865 2775 893 2831 0.
907 2808 943 2817 -
958 2781 991 2831 18
1001 2776 1056 2831 λετ.
1067 2782 1111 2846 53,
1121 2785 1195 2848 Βεηη.

258 2964 271 3010 1
288 2953 302 3011 ὅ
317 2956 373 3010 ἐστι
387 2953 664 3026 μεθερμηνευόμενον
678 2951 746 3024 μεθ’
756 2953 834 3023 ήμῶν
844 2955 869 3007 R
878 2955 943 3008 4411.
955 2986 988 2994 -
1000 2959 1016 3007 3
1032 2957 1119 3008 σκῦλα
1129 2954 1196 3009 ΟΕΡ

185 3034 215 3082 ιε
228 3045 297 3083 rece.
312 3028 441 3098 plerique
465 3028 551 3082 σκύλα
569 3026 629 3082 rell.
649 3057 683 3066 -
709 3033 726 3079 4
744 3023 868 3095 θεόκτης
885 3026 1022 3097 Μωυσῆς]
1042 3026 1154 3096 βαλαάμ
1170 3026 1196 3079 R

185 3099 309 3168 θεόπτης
327 3101 387 3166 (σοι,
406 3101 541 3168 Μωύσής)
559 3097 594 3152 N.
615 3129 649 3138 -
671 3103 687 3150 ὃ
706 3098 755 3151 καὶ
773 3096 957 3164 ἀναστήσεται
976 3096 1131 3167 ἄνθρωπος
1148 3097 1204 3154 ΡΒ,

185 3169 266 3224 Num.
282 3172 369 3225 invito
379 3171 445 3225 Ath.
461 3203 495 3211 -
515 3175 530 3223 6
549 3169 670 3237 θραύσει
684 3169 732 3223 ΑΒ
738 3167 783 3221 FP
792 3167 874 3222 Num.
884 3167 952 3225 Ath.
970 3164 1117 3237 συντρίψει
1134 3169 1193 3223 rell.

185 3273 220 3281 —
235 3247 266 3294 11
283 3240 298 3295 ὁ
312 3241 381 3305 θεὸς
393 3241 545 3295 ABPAth.
564 3241 661 3309 κύριος
674 3238 690 3293 δ
704 3239 774 3303 θεὸς
785 3239 846 3292 rell.
861 3271 896 3280 -
911 3246 944 3293 12
959 3238 1159 3310 ἀνοιγήσουται
1171 3239 1193 3293 Ρ

185 3311 367 3383 ἀνοιγήονται
384 3312 416 3365 R.
436 3344 471 3352 -
491 3318 523 3365 13
542 3310 732 3380 ἀνηγήσονται
745 3310 771 3364 R
791 3311 961 3365 ἀκούσονται
978 3309 1141 3365 Neam.
1160 3343 1194 3352 -

185 3385 291 3437 αλεῖται
308 3384 367 3438 sine
384 3385 450 3452 spir.
464 3383 490 3435 A
515 3383 622 3437 ἀλεῐται
638 3381 699 3435 rell.
719 3414 753 3422 -
773 3388 805 3434 21
825 3375 900 3436 εἶναι
917 3397 967 3436 om.
981 3381 1017 3435 N.
1144 3402 1146 3405 ·

76 3610 79 3619 Ι
257 3557 272 3604 2
286 3547 304 3619 ή
318 3567 368 3606 om.
383 3550 413 3604 P.
429 3581 463 3589 —-
477 3555 494 3602 4
508 3556 600 3618 μωσής
613 3550 644 3604 Ρ.
659 3581 693 3589 -
709 3554 742 3602 1ss
756 3557 844 3603 ταῦτα
858 3548 951 3604 πάντα
965 3549 994 3603 Ρ.
1009 3581 1044 3590 -
1059 3554 1091 3603 19
1106 3552 1192 3618 μαλα-

185 3621 250 3678 κίαν
270 3619 312 3677 ὅτι
331 3619 522 3688 ἀπέστραπται
545 3620 577 3674 τὸ
595 3618 748 3687 πρόσωπον
766 3621 853 3675 αὐτοῦ
871 3620 1013 3690 ήτιμάσθη
1031 3620 1192 3676 PAth.Jes.
