2617 3909
536 209 726 262 XPONIKON
1072 210 1135 274 741

120 356 173 420 καὶ
192 355 290 438 μέντοι
308 355 358 418 καί
372 355 391 437 ἡ
407 356 488 439 παρὰ
501 365 554 418 τοῦ
568 354 734 420 ἀποστόλου
748 356 797 419 καὶ
812 356 1016 440 εὐαγγελιστοῦ
1030 364 1137 422 Λουκά

122 457 314 538 ἰστορηθεῖσοι
335 465 388 536 τῆς
410 456 566 537 πανάγνον
588 453 639 516 καὶ
662 455 845 544 θεομητορος
868 455 909 518 ἔτι
932 457 1027 537 ζώσης
1046 457 1138 540 αὐτῆς

123 553 193 636 ἁγία
215 553 303 616 εἰκὼν
329 553 379 614 καὶ
406 559 579 633 πεμφθεῖσα
605 553 638 614 ἐν
656 547 751 638 Ῥώμη
774 553 849 635 πρὸς
875 553 1036 636 Θεόφιλον,
1063 555 1138 637 πρὸς

121 650 160 713 δν
187 651 237 714 καλ
258 652 291 713 τδ
314 651 484 734 εύαγγέλιον
511 650 562 712 καί
589 651 640 724 τὰς
663 651 783 733 πράξεις
805 660 864 712 τῶν
886 649 1058 714 ἀποστόλων
1080 651 1138 712 ἀπ-

120 748 253 812 έστειλεν.
294 750 360 829 ἣτις
382 749 432 811 καὶ
455 747 509 824 ἕως
532 758 585 810 τοῦ
603 759 661 811 νῦν
684 755 914 831 θανματονργεί.
955 750 1002 811 διὸ
1027 750 1063 830 δὴ
1087 749 1137 810 καί
1165 771 1178 812 σ

120 849 157 909 αἰ
171 849 206 924 ἐξ
224 847 426 928 οἰκουμενικαί
449 848 571 909 σύνοδοι
591 847 700 920 ταύτας
718 845 857 929 εὑροῦσαι
875 846 1138 930 προσκννοαμένας

121 945 171 1008 καί
194 945 361 1026 τιμωμένας
384 944 562 1018 ἀπεδέξαντο
590 944 639 1006 καί
668 943 757 1006 οὐδὲν
782 944 847 1026 περὶ
870 945 969 1006 αὐτῶν
991 945 1137 1024 ἐλάλησαν

119 1044 265 1106 ἐναντίον.
308 1045 386 1124 πλὴν
409 1036 465 1106 ούν
487 1043 543 1122 την
561 1041 615 1121 μὲν
632 1044 808 1124 καθαίρεσιν
826 1052 885 1104 τῶν
903 1044 990 1126 ἱερῶν
1012 1044 1137 1105 εἰκόνων

118 1141 270 1221 ἀκούομεν
293 1139 407 1220 μέλλειν
429 1141 565 1220 ἔσεσθαι,
592 1136 655 1201 ἀλλ’
679 1140 735 1201 ούκ
757 1139 804 1202 ἐπὶ
827 1151 880 1220 τῆς
903 1151 957 1221 σῆς
980 1143 1136 1221 βασιλείας.

119 1249 174 1301 τοῦ
189 1237 235 1300 -δὲ
256 1239 532 1320 καταναγκάσαντος
559 1236 651 1299 αύτὸν
679 1237 727 1299 ἐπὶ
753 1239 841 1313 ποίας
867 1239 961 1300 εἰπεῖν
987 1239 1136 1319 βασιλείας
1151 1261 1178 1301 ιο

118 1336 170 1398 καὶ
197 1335 339 1410 ἀκούσας’
373 1335 421 1398 ἐπὶ
447 1336 605 1415 Κόνωνος,
632 1333 807 1417 ἀποκριθεὶς
834 1330 927 1398 εἶπεν·
961 1335 1053 1410 όντως
1079 1336 1136 1420 ἐγώ

118 1435 181 1514 εἰμι
207 1434 258 1495 καί
286 1436 362 1497 ούτω
390 1434 549 1496 παιδιόθεν
573 1433 715 1512 ἐκλήθην.
760 1433 810 1494 καλ
833 1433 849 1496 δ
873 1432 962 1514 μέγας
984 1435 1136 1515 Γερμανὸς

119 1531 282 1614 ὑπολαβὼν
304 1533 376 1612 ἔφη’
401 1532 442 1612 μη
465 1531 589 1613 γένοιτο,
613 1529 749 1612 δέσποτα,
773 1531 822 1592 διά
842 1541 895 1614 τῆς
914 1542 969 1612 σῆς
988 1532 1141 1613 βασιλείας,

118 1635 294 1712 πραχθῆναι
317 1631 349 1693 τὸ
369 1631 463 1692 κακὸν
485 1638 571 1691 τοῦτο
593 1627 644 1690 καί
666 1627 833 1711 θεοσταγές.
874 1629 1057 1712 ἀντιχρίστου
1079 1630 1136 1711 γάρ

117 1729 180 1790 ἐστι
202 1729 371 1811 πρόδρομος
394 1727 515 1790 δτούτο
532 1731 655 1808 πληρῶν
677 1725 727 1787 καλ
750 1736 803 1806 τῆς
824 1726 859 1788 ἐν
879 1725 965 1808 σαρκλ
987 1735 1040 1803 τοῦ
1058 1731 1135 1786 θεοῦ
1149 1750 1175 1790 15

120 1825 210 1907 λόγον
233 1825 391 1906 ἐπιδημίας
413 1824 597 1906 ἀνατροπεύς
620 1823 671 1885 καί
693 1823 851 1899 ἀντίδικος.
893 1822 909 1886 δ
932 1823 964 1886 δὲ
988 1825 1136 1904 θεομάχος

117 1924 265 2003 τύραννος
293 1932 385 1984 ταῦτα
411 1922 542 1997 ἀκούσας
569 1923 619 1985 καὶ
646 1921 687 1997 ὡς
714 1921 788 1984 λε’ων
815 1923 926 2005 βρύξας
953 1922 1058 1984 αὐτίκα
1085 1921 1136 1982 καὶ
1149 1947 1190 1987 σοι
1202 1946 1235 1986 κ.

116 2023 237 2104 σφόδρα
269 2022 435 2102 χαλεπήνας
465 2020 576 2100 ἀτίμως
611 2022 664 2084 τὸν
696 2021 812 2082 δίκαιον
844 2020 983 2098 ἐξήλασεν
1015 2020 1134 2096 εἰδωλο-

117 2121 229 2201 λάτρην
251 2118 445 2199 ἀποκαλέσας,
468 2118 599 2192 καλιαῖς
618 2119 708 2192 ἰδίαις
728 2117 807 2200 χερσὶ
829 2118 956 2200 ῥαπίσας
974 2126 1033 2178 τῶν
1051 2119 1134 2198 βασι-

113 2217 203 2278 λείων
226 2215 380 2291 ἐξελαύνει.
1148 2239 1175 2278 οο

116 2402 277 2521 Ιοὸὅλέ-ἳὶσ
291 2398 326 2464 εἰ.
337 2397 461 2466 Theoph.
474 2413 503 2465 μ.
514 2402 576 2464 401,
587 2402 628 2450 18.
640 2428 673 2436 —
691 2400 794 2450 16-20
806 2393 873 2449 vita
886 2395 1022 2464 Stephani
1037 2394 1133 2464 Migne

191 2607 205 2654 1
225 2602 275 2655 καλ
293 2602 486 2672 εὐαγγελιστοῦ
505 2618 556 2655 om.
576 2599 636 2654 GN.
660 2633 696 2643 -
719 2607 736 2654 4
754 2599 914 2656 ἀπέστειλεν
933 2599 1044 2655 AGMR
1070 2597 1132 2656 ἐπέ-

114 2674 222 2726 στειλεν
236 2671 379 2726 BDELV.
395 2703 430 2712 -
448 2678 464 2726 5
482 2680 533 2727 τού
548 2689 598 2727 om.
614 2671 668 2726 GV.
685 2705 717 2713 —
737 2677 753 2726 6
773 2671 803 2726 αἱ
817 2689 869 2727 om.
883 2671 939 2728 PV.
955 2703 988 2712 -
1008 2675 1024 2724 8
1043 2669 1133 2743 ἁγίων

114 2743 201 2797 BLR.
224 2775 258 2783 —
282 2748 298 2796 9
317 2744 433 2799 ἔσεσθαι
451 2741 557 2813 μέλλειν
576 2744 624 2796 ΑΒ
647 2743 754 2812 μέλλειν
773 2761 823 2798 om.
843 2745 873 2797 L.
898 2775 931 2784 -
957 2749 988 2796 11
1009 2743 1133 2805 ἀκούσας

115 2813 161 2870 ότι
184 2814 230 2869 ἐπὶ
253 2815 334 2870 codd.
355 2821 464 2884 praeter
486 2814 533 2867 ΑΡ
556 2821 583 2869 et
603 2831 674 2870 rece.
715 2816 841 2870 nosdam.
865 2847 899 2854 -
927 2815 1058 2876 κόνωνος
1080 2813 1132 2867 DP

114 2885 236 3010 κόνογμς
257 2901 328 2941 εσσε.
346 2885 482 2956 plerique.
506 2918 541 2925 —
566 2891 599 2939 12
621 2835 764 2942 παιδόθεν
785 2885 841 2940 PV.
866 2918 900 2926 —
925 2891 958 2939 13
982 2885 1132 2958 ὑπολαβὼν

113 2975 167 3014 Ολλλ.
211 3000 216 3010 .

189 3095 204 3144 8
224 3085 289 3162 οὖν]
308 3086 370 3144 οἶον
387 3090 417 3144 Ρ.
442 3123 476 3132 -
502 3097 535 3145 10
554 3111 651 3146 καταν.
672 3091 762 3146 εἰπεῖν
780 3091 868 3146 αύτδν
892 3090 938 3144 ἐπὶ
956 3085 1034 3152 τίνος
1052 3091 1131 3162 βασι-

115 3159 193 3225 λείας
215 3161 372 3231 PTheoph.
396 3195 430 3202 —
456 3169 488 3216 12
511 3161 597 3233 μέγας
619 3180 669 3218 om.
691 3162 721 3216 P.
745 3193 780 3203 —
805 3168 838 3215 14
856 3180 915 3230 πρα
932 3161 1035 3232 θῆναι]
1058 3164 1131 3216 τελε.

115 3237 225 3302 σθῆναι
239 3232 397 3302 PTheoph.
413 3264 446 3273 -
467 3239 499 3287 15
518 3234 567 3287 ιιαλ
584 3240 634 3302 τῆς
653 3233 790 3302 ἐνσάριιοο
809 3234 858 3287 καὶ
871 3183 956 3294 θείίιις
969 3230 1133 3302 οἰκονομίας

116 3304 294 3372 ἀνατροπεύς
311 3305 359 3358 καί
378 3302 468 3359 ἀντίδ.
483 3304 639 3374 PTheoph.
655 3337 690 3345 -
710 3310 815 3358 16-20
833 3306 873 3360 εἰσ
891 3307 923 3359 in
940 3303 976 3358 P:
996 3303 1011 3358 ό
1030 3303 1062 3359 δὲ
1080 3325 1131 3358 κα-

114 3383 235 3446 κοῦργος
257 3376 342 3432 οόδέν
365 3370 449 3443 ἧττον
471 3377 601 3446 θηριώδη
624 3376 676 3446 τὴν
699 3377 812 3446 γνώμην
836 3375 906 3448 ἔχων
929 3373 947 3444 ἰ]
970 3375 1021 3445 τὴν
1045 3392 1131 3441 προσ-

117 3444 235 3515 ηγορίαν
254 3447 378 3510 ἀκούσας
395 3457 484 3502 ταῦτα
502 3449 552 3501 καὶ
570 3448 607 3509 ὡς
620 3446 690 3503 λέων
705 3445 806 3502 αὐτίκα
825 3447 928 3520 βρύξας
946 3448 995 3501 καλ
1009 3462 1055 3515 σφ.
1070 3449 1130 3516 γαλ.

115 3515 329 3659 ἀγίμωςμῐρτδν
352 3518 483 3587 ἐξήλασεν
505 3519 594 3574 εἰδωλ.
618 3516 794 3580 ἀποκαλέσας
817 3527 877 3590 (om.
901 3520 950 3572 καλ
974 3516 1131 3582 ταῖς-ἐξ-

116 3607 129 3640 ε
146 3608 226 3643 αονει
278 3633 283 3645 .
