2617 3909
201 211 266 274 524
511 212 698 264 Γειεουιοε
715 213 898 264 »mmor

199 359 336 445 λέγειτῷ
360 365 480 445 μαθητῇ
502 359 597 422 αύτοῦ
621 360 745 444 Παύλῳ·
768 360 799 420 τί
818 358 925 442 λέγεις,
947 359 1064 435 τέκνον;
1087 358 1209 441 άπέρχα
1304 374 1305 377 ’

199 482 249 537 μαι
278 457 353 540 πρὸς
379 459 430 520 τὸν
457 455 577 538 βασιλέα
604 457 678 518 κατὰ
704 450 759 536 τὴν
786 458 970 539 παράκλησιν
997 457 1105 534 αύτούς
1135 455 1211 521 666

199 554 374 637 άποκριθελς
394 551 488 618 εἶπεν·
510 555 565 617 έάν
587 553 732 640 άπέλθης,
752 551 909 629 Ἀντάνιος
931 555 1080 638 ύπάρχεις,
1102 555 1157 618 ἐὰν
1180 555 1211 617 δὲ

199 653 239 733 μὴ
268 653 417 738 άπέλθης,
444 653 540 734 άββᾶς
559 647 724 727 Ἀντώνιος.
769 653 820 716 καί
846 651 862 714 6
890 654 974 735 άγιος
996 653 1067 733 ἔφη
1092 653 1212 716 ιούκσύν

172 752 249 814 ιδιά
275 763 326 832 τῆς
349 752 439 832 δόξης
466 753 588 831 ταύτης,
615 750 668 813 έάν
693 751 734 830 μὴ
758 750 877 834 λέγομαι
899 751 1009 833 άββᾶς,
1035 749 1129 826 ὄντως
1157 753 1212 815 ούιι

198 849 366 931 ἀπέρχομαι.
417 850 467 912 καὶ
494 859 580 912 τοῦτο
612 847 721 928 μαθὼν
748 849 765 912 6
792 851 1047 930 θιακριτικάτατος
1074 851 1211 930 βασιλεὺς

198 945 344 1027 ὠφελήθη
374 951 484 1027 μᾶλλον
511 948 553 1021 είς
575 947 607 1010 τὸ
632 946 749 1029 μέτριον
772 946 821 1009 καί
843 946 1025 1026 άφιλόδοξον
1047 957 1101 1010 τοῦ
1124 947 1212 1030 άγίον

197 1044 341 1127 γέροντος.

266 1143 339 1225 Περί
365 1136 402 1204 ού
430 1143 480 1204 καί
508 1143 523 1205 6
552 1142 642 1224 μέγας
661 1137 841 1217 Ἀθανάσιος
867 1143 940 1224 ἔφη·
968 1145 1083 1222 ἔφθασε
1106 1144 1141 1206 δὲ
1162 1145 1211 1206 καί

158 1261 184 1302 το
198 1239 279 1322 μέχρι
310 1240 454 1322 βασιλέων
485 1239 505 1320 ἡ
537 1241 673 1323 ἐνάρετος
703 1245 833 1304 πολιτεία
856 1235 1024 1306 Ἀντωνίου.
1074 1241 1211 1325 καὶγὰρ

197 1337 344 1418 μαθόντες
362 1344 589 1412 Κωνσταντῖνος
612 1335 627 1400 6
651 1337 740 1420 μέγας
758 1337 809 1400 καί
825 1339 1032 1412 Καυστάντιος
1054 1338 1104 1400 καί
1122 1340 1210 1401 Κών-

197 1423 266 1511 στας
289 1438 320 1498 οί
341 1435 499 1518 αύγουστοι
522 1437 654 1519 ἔγραφον
677 1436 756 1520 αύτῷ
773 1435 814 1510 ὡς
832 1435 919 1518 πατρί
936 1436 987 1497 καί
1004 1435 1111 1516 ἠξίουν
1129 1436 1210 1500 ἀκτί-

196 1558 297 1616 γραφα
320 1530 390 1615 παρ’
411 1534 504 1596 αύτού
527 1533 673 1615 δέχεσθαι.
712 1530 775 1596 ἀλλ’
797 1533 864 1597 ούτε
881 1536 1036 1619 γράμματα
1054 1535 1212 1616 δεχόμενος

197 1629 262 1712 περὶ
290 1636 401 1696 πολλοῦ
428 1655 507 1705 τινος
534 1632 623 1714 λύγον
644 1632 785 1712 ἐποιεῖτο,
814 1632 882 1695 ούτε
909 1632 970 1714 μην
993 1631 1033 1707 ὡς
1056 1634 1088 1694 οἱ
1106 1634 1211 1696 πολλοὶ

158 1749 183 1789 ιο
197 1727 244 1795 ἐπὶ
280 1735 344 1802 ταῖς
375 1728 539 1802 ἐπιστολαῖς
573 1729 716 1812 ίγεγήθει.
770 1731 817 1793 ὅτε
848 1741 923 1814 γοῦν
955 1731 1101 1810 ἐκομίζετο
1133 1731 1214 1816 αύτῷ

195 1827 359 1908 γράμματα,
382 1827 476 1890 ἐκάλει
499 1827 569 1901 τοὺς
592 1828 740 1910 μοναχούς
761 1828 812 1890 καλ
835 1828 943 1910 ἔλεγεν·
969 1828 1010 1908 μὴ
1033 1829 1211 1908 θαυμάζετε,

195 1925 222 1986 εἰ
252 1925 389 2006 βασιλεὺς
420 1927 526 2008 γράφει
558 1925 632 2007 πρὸς
664 1924 757 2007 ἡμᾶς,
789 1925 952 2008 άνθραπος
982 1927 1038 2008 γάρ
1065 1926 1132 1988 .ε’στι
1158 1925 1211 1989 καί,

195 2022 297 2104 αύτός,
325 2021 398 2084 ἀλλὰ
426 2024 604 2104 θαυμάζετε,
633 2024 678 2085 ὅτι
701 2023 717 2086 6
740 2023 812 2097 θεὸς
834 2023 886 2085 τὸν
908 2024 1003 2103 νόμον
1026 2025 1139 2105 ἔγραφε
1159 2024 1211 2086 καί

195 2120 244 2182 διὰ
266 2131 319 2183 τοῦ
342 2121 422 2183 ἰδίου
445 2122 514 2182 υἱοῦ
536 2123 692 2200 λελάληκεν
710 2119 792 2201 ἡμῖν.
837 2120 1022 2203 βουλομένου
1041 2114 1097 2183 ούν
1116 2122 1211 2183 αύτοῦ

155 2238 181 2278 ιο
195 2219 236 2298 μὴ
254 2218 472 2301 παραδέχεσθαι
490 2219 541 2292 τὰς
559 2219 723 2299 ἐπιστολάς,
746 2218 885 2298 ἐκωλύθη
899 2219 979 2298 παρὰ
992 2229 1052 2280 τῶν
1071 2230 1211 2299 μοναχῶν

194 2316 337 2396 λεγόντων
360 2317 438 2401 αύτῷ
459 2317 514 2378 ὅτι·
538 2318 701 2398 χριστιανοί
721 2317 796 2378 εἰσιν
821 2317 853 2377 οἱ
868 2319 1006 2395 βασιλεῖς,
1030 2316 1080 2377 καλ
1104 2316 1144 2396 μὴ
1169 2315 1211 2388 ὡς

195 2581 228 2628 26
252 2511 352 2630 μηδ-μ.
373 2511 438 2573 525,
457 2510 491 2559 10
514 2507 648 2560 Athanas.
669 2504 737 2560 vita
759 2504 877 2560 Antonii
900 2521 940 2574 ομ.
957 2510 989 2559 81
1015 2505 1111 2575 Migne
1129 2505 1209 2559 Tom.

144 2750 147 2755 ·
265 2732 281 2780 5
303 2725 424 2796 λέγωμαι
442 2726 585 2781 BDERV.
611 2760 644 2768 -
675 2734 707 2782 10
730 2729 778 2782 καί
801 2727 854 2799 γάρ
876 2728 977 2782 ABPV
986 2727 1051 2781 Ath.
1078 2727 1131 2797 γάρ
1155 2745 1207 2782 om.

192 2798 507 2940 {fflssqff—svlrlelfffim
524 2799 584 2863 PM.
605 2831 636 2840 -
663 2805 696 2853 19
713 2798 861 2869 λελάληκεν
880 2799 930 2853 ΒΡ
942 2800 1007 2853 Αλίι.
1032 2798 1164 2868 έλάληκεν
1183 2801 1209 2852 A

264 3029 279 3076 2
299 3023 385 3077 αύτοῦ
404 3023 452 3076 καλ
466 3030 521 3076 τῶν
535 3019 671 3089 πατέρων.
700 3021 715 3075 6
730 3021 764 3076 δέ
776 3038 873 3090 φησιν·
895 3021 946 3078 ἐάν
960 3022 1010 3090 μέν
1024 3019 1161 3082 ἀπέλθοις
1174 3021 1205 3076 Ρ.

193 3124 227 3133 -—
246 3099 263 3146 4
281 3093 329 3148 καί
348 3091 465 3163 ὁγέρωυ
485 3087 573 3148 εἶπεν·
594 3094 645 3147 ούτι
665 3089 716 3148 ούν
735 3093 786 3147 ίάιυ
803 3093 853 3147 διὰ
865 3114 888 3146 τ.
904 3095 929 3148 6.
944 3111 967 3147 τ.
981 3090 1077 3148 οὐκέτι
1091 3091 1207 3161 λέγομαι

193 3164 283 3234 άββᾶς
299 3164 328 3217 P.
349 3195 383 3206 -—
404 3170 418 3218 7
437 3161 521 3234 ἁγίου
539 3181 590 3220 ουτ.
605 3163 635 3217 P.
652 3195 688 3204 -
707 3168 722 3217 9
743 3165 808 3232 ἔφη·
828 3163 970 3234 θιάφημος
988 3159 1039 3219 οὖν
1056 3162 1209 3234 γενόμενος

194 3236 329 3296 άντάυιος
342 3234 391 3288 διὰ
405 3235 454 3297 τὰς
464 3233 547 3298 θείας
561 3236 647 3290 αὐτοῦ
658 3236 707 3289 καλ
716 3234 873 3303 διαφόρους
887 3235 988 3304 άρετάις
996 3235 1113 3304 ιἔφθασε
1125 3233 1208 3288 naz-P

193 3308 280 3360 invito
293 3306 358 3358 Ath.
374 3337 407 3344 —
429 3312 461 3361 10
481 3304 616 3376 βασιλέων
634 3305 651 3374 ἡ
667 3305 745 3376 φήμη
764 3309 859 3361 αὐτοῦ.
892 3307 1006 3376 καὶγὰρ
1021 3303 1206 3376 μαθ-ΡΔΗΙ,

194 3408 231 3439 —k
249 3381 280 3429 12
300 3375 461 3447 αύγουστοι]
480 3373 613 3445 καίσαρες
634 3378 684 3430 καί
705 3376 764 3430 υλολ
782 3378 870 3431 αὐτοῦ
887 3378 917 3433 Ρ.
942 3410 978 3418 -
1002 3384 1036 3432 14
1053 3377 1136 3446 λάχον
1155 3393 1207 3432 ουτ.

193 3447 215 3501 Ρ
225 3447 289 3500 Ath.
306 3477 339 3486 —-
357 3447 396 3509 ὡς
414 3446 441 3500 οὶ
460 3448 557 3501 πολλοί
575 3465 626 3502 om.
640 3447 663 3499 P
673 3448 738 3501 Ath.
758 3479 792 3488 —
811 3453 844 3502 19
864 3447 1031 3520 βουλόμενος
1049 3445 1100 3504 σύν
1110 3447 1156 3517 μὴ
1177 3448 1206 3502 P.

195 3551 228 3559 -
248 3522 282 3571 20
299 3517 351 3580 τάς
368 3516 514 3580 ἐπιστολάς
535 3513 595 3572 εἶτα
613 3519 806 3586 παρακληθείς
828 3519 884 3574 ὑπὸ
907 3529 962 3576 τῶν
981 3527 1110 3592 μουοεχῶν
1133 3519 1207 3574 ποίν-

194 3610 249 3644 τοον
268 3585 404 3666 λεγόντων
423 3585 465 3650 ὅτι
483 3587 505 3640 Ρ
524 3589 660 3656 (similiter
673 3589 757 3658 Aizh.)¹
778 3621 811 3629 -
831 3596 863 3642 21
884 3593 933 3646 καί
951 3590 999 3646 ἵνα
1011 3591 1054 3662 .μή
1071 3587 1168 3645 PAth.
