2617 3909
537 238 726 290 XPONIKON
775 251 778 256 ·
1073 237 1138 303 635

128 383 294 468 ὁμόφροσιν
321 385 422 447 αῦτοῦ.
468 386 580 447 τούτων
609 382 640 447 δέ
671 386 749 448 οῦτω
775 386 997 469 προελθόντων,
1028 385 1139 447 ἐπανα-

128 479 247 557 στάντες
268 484 405 571 Κνρίλλφ
432 490 472 568 τῷ
492 482 640 569 δστοοτότφ
668 484 701 546 οί
724 493 777 564 τῆς
801 483 952 565 ἐξαγίστον
974 486 1139 567 Νεστορίον

128 581 246 662 με’ρίδος
273 581 460 645 ἐσπούδασαν
487 581 520 643 τό
542 604 574 663 γε
597 575 643 644 ἐπ’
667 581 768 655 αὐτοῖς
795 580 960 662 ἀνατρέψω
986 580 1041 660 τὴν
1066 581 1140 643 κατὰ

128 680 293 762 Νεστορίον
315 678 479 762 γενομένην
502 681 605 761 κρίσιν.
647 675 711 740 ἀλλ’
731 671 788 742 ούν
809 703 842 761 γε
865 680 1024 753 Θεοδόσιος
1046 678 1063 742 δ
1085 682 1140 760 βα-

127 776 225 850 σιλεύς
246 775 536 859 ἀντιλαμβανόμενος
557 786 617 840 τῶν
640 775 733 851 όντως
755 776 855 860 ὀρθῶς
878 776 953 838 κατὰ
974 779 1140 860 Νεστορίον
1167 798 1180 839 ι

126 862 178 936 κᾶλ
205 885 263 938 τῶν
285 885 428 958 πονηρῶν
455 875 547 937 αὐτοῦ
575 876 730 957 δογμάτων
752 874 917 957 κραθέντων
943 876 1140 957 παρεσκεύασε

127 980 244 1054 κρατεῖν
271 975 407 1055 βεβαίως
424 972 479 1053 τὴν
502 968 548 1035 ἐπ’
569 973 648 1059 αὐτῷ
671 972 835 1056 γενομένην
861 974 966 1054 κρίσιν.
1012 971 1063 1034 καλ
1083 972 1140 1054 γὰρ

127 1071 203 1155 πρὸς
225 1072 341 1147 τούτοις
362 1071 412 1134 καί
435 1070 507 1135 όλλα
529 1070 595 1133 τινὰ
616 1070 691 1133 κατὰ
713 1079 765 1133 τοῦ
787 1072 875 1132 θείον
893 1072 1044 1153 Κορίλλον
1065 1071 1140 1151 πρὸς

129 1168 180 1230 τὸν
198 1169 319 1249 βασιλέα
337 1170 644 1252 καταφλωαρήσαττες,
667 1170 775 1251 γρόφει
792 1168 867 1251 πρὸς
885 1168 976 1230 αύτδν
992 1169 1140 1250 Κύριλλος

129 1267 239 1329 τοιοίδε·
267 1267 423 1351 ἐπειδήπερ
450 1266 624 1347 ἐπιθόμην,
657 1260 681 1328 όν
709 1264 893 1346 εύσεβέστατε
919 1267 1053 1347 βασιλεῦ,
1081 1276 1140 1328 τῶν
1153 1287 1180 1329 το

128 1369 308 1446 φιλοψογεῖν
338 1364 490 1427 εἰωθότων
521 1364 603 1438 τινὰς
633 1362 746 1446 ἀγρίων
777 1373 903 1443 σφηκῶν
935 1364 1024 1442 δίκην
1058 1385 1141 1444 περι-

128 1464 253 1542 βομβεῖν
283 1460 334 1523 καὶ
366 1462 539 1545 μοχθηρούς
569 1461 744 1543 ἐρεύγεσθαε
773 1456 837 1523 κατ’
862 1460 937 1541 ἐμοῦ
963 1460 1070 1544 λόγους
1100 1460 1141 1536 ὡς

128 1559 158 1633 ἐξ
183 1559 314 1641 ούρανοῦ
336 1558 555 1641 κατακομισθὲν
582 1558 632 1623 καί
659 1560 716 1622 οῦκ
742 1559 775 1622 ἐκ
800 1569 853 1640 της
875 1557 961 1641 ἁγίας
986 1558 1141 1643 παρθένον

129 1655 265 1739 λέγοντος
287 1657 319 1719 τδ
338 1663 424 1720 θεῖον
447 1668 531 1739 σῶμα
547 1662 689 1740 Χριστοῦ,
711 1658 761 1720 καί
784 1658 883 1739 μέντοι
905 1658 955 1720 καί
978 1660 1033 1721 δύο
1055 1658 1141 1733 νὶούς

132 1754 206 1816 κατὰ
223 1755 387 1839 Νεστόριον
410 1754 562 1839 ὁμολογεῖν
582 1754 662 1837 ἡμᾶς
679 1757 934 1838 κατεφλνόρησαν,
957 1757 1020 1819 δεῖν
1037 1751 1141 1842 ρἰήθη-
1154 1778 1180 1819 ιο

130 1876 184 1933 μεν
203 1851 286 1936 δλίγα
308 1854 374 1937 περί
391 1856 498 1917 τούτου
515 1855 590 1937 πρὸς
608 1853 718 1928 αύτούς
735 1856 829 1917 εἰπεῖν
847 1856 953 1929 οὕτως·
977 1848 1001 1916 ὦ
1019 1844 1140 1934 ἀνόητοι

128 1949 180 2012 καί
198 1951 291 2030 μόνον
309 1952 418 2027 εἰδότες
435 1954 468 2017 τὸ
487 1960 695 2033 συκοφαντεῖν,
717 1962 781 2026 πῶς
802 1952 846 2026 εἰς
862 1962 950 2015 τοῦτο
968 1954 1141 2034 παρήγθητε

129 2049 249 2131 γνώμης
280 2049 331 2112 καί
357 2052 504 2130 τοσαύτην
532 2051 710 2129 νενοσήκατε
742 2050 864 2130 μωρίαν.
910 2049 969 2110 ἔδει
997 2049 1053 2131 γὰρ
1082 2049 1141 2111 ἔδει

128 2156 232 2225 σαφῶς
253 2147 383 2227 ἐννοεῖν,
411 2148 455 2209 ότι
478 2149 581 2228 σχεδὸν
604 2148 683 2220 ἅπας
706 2143 779 2225 ἡμῖν
806 2144 823 2207 δ
846 2144 919 2229 ὑπὲρ
942 2155 995 2226 τῆς
1017 2148 1141 2220 πίστεως

129 2242 211 2326 όιγόιν
243 2244 471 2325 συγκεκρότηται
502 2242 777 2326 διαβεβαιουμένοις
809 2244 854 2305 ότι
885 2243 1027 2318 θεοτόκος
1062 2243 1141 2306 ἐστίν
1154 2265 1181 2306 το

131 2338 151 2420 ἡ
172 2339 241 2423 ἁγία
259 2342 375 2423 Μαρία.
416 2337 479 2403 ἀλλ’
500 2342 616 2424 ἐπείπερ
638 2342 669 2416 ἐξ
688 2341 820 2424 ούρανοῦ
842 2340 893 2403 καὶ
915 2341 972 2403 ούκ
995 2342 1026 2417 ἐξ
1049 2342 1141 2422 αὐτῆς

130 2437 164 2499 τὸ
187 2443 274 2500 θεῖον
295 2445 474 2520 γεγενῆσθαι
497 2450 581 2520 σῶμα
607 2450 661 2502 τοῦ
684 2441 790 2560 καιρίου
813 2438 947 2522 λέγομεν,
974 2440 1015 2515 ὥς
1037 2458 1141 2563 φμσιν,

130 2545 194 2610 πῶς
226 2534 264 2597 δν
292 2542 390 2599 νοοῖτο
418 2537 573 2615 θεοτόκος;
605 2539 672 2599 τίνα
699 2538 755 2622 γὰρ
786 2538 860 2612 ὅλως
885 2538 1013 2621 τέτοκεν,
1041 2540 1070 2601 εἰ
1099 2540 1140 2620 μη

129 2633 208 2695 ἐστιν
235 2631 347 2714 ἀληθὲς
374 2634 419 2697 ὅτι
417 2633 600 2741 γεγέννηκε
631 2634 706 2697 κατὰ
736 2637 832 2756 σάρκα
856 2637 908 2699 τὸν
931 2633 1140 2756 Ἐμμαγοοήλς
1155 2658 1239 2701 σκετο

129 2733 321 2814 γελύσθωσαν
353 2710 455 2794 τοίνυν
487 2734 520 2795 οί
547 2743 638 2795 ταῦτα
669 2732 719 2795 καὶ
750 2734 785 2795 τὰ
816 2745 936 2797 τοιαῦτα
968 2730 1032 2797 κατ’
1066 2736 1140 2815 ἐμοῦ
1153 2756 1180 2798 εσ

129 2829 377 2911 πεφλυαρηκότες.
415 2831 451 2893 ού
469 2831 525 2914 γὰρ
538 2833 680 2910 ψεύδεται
698 2831 790 2915 λέγων
808 2831 931 2896 δθεσπέ
931 2852 994 2907 στος
1004 2828 1139 2906 εἨσαίας

202 3034 217 3082 1
241 3026 455 3096 προσελθόντων
478 3028 653 3083 ΟΜΡΒμ-
681 3036 698 3083 4
721 3029 874 3121 γενομένην
896 3029 1004 3084 MPRV
1029 3049 1140 3101 γεγενη-

129 3098 217 3170 μένην
234 3099 348 3154 rell.-
371 3105 404 3154 15
423 3102 484 3156 δεῖν
502 3102 523 3155 ὠ
525 3100 601 3171 ήθην
619 3101 670 3155 ΒΡ
693 3101 790 3156 ὅτιν’
831 3099 988 3170 μ.-ενο
1011 3107 1044 3155 16
1062 3120 1141 3170 περ-ι

129 3190 231 3225 τουτον
244 3170 270 3223 Α
287 3171 351 3239 περὶ
368 3171 570 3226 τούτωνΒ-
591 3178 623 3227 17
641 3173 674 3228 τό
692 3189 743 3227 om.
758 3172 840 3227 GE.
856 3204 891 3214 -
908 3172 1141 3244 παρηνέγθητεΡ

129 3240 221 3314 προύχ
263 3242 395 3296 τεΒ.-
415 3248 448 3296 22
467 3246 683 3313 γεγεννῆσθαι(
672 3246 794 3311 (·εῑσθαι
809 3243 844 3314 A)
858 3243 907 3296 ΑΕ
926 3250 952 3300 et
968 3243 993 3297 D
1010 3262 1045 3298 m
1059 3248 1085 3299 2.
1106 3276 1139 3285 -

128 3320 180 3367 τοῦ
199 3333 250 3381 κνρ
263 3333 297 3368 ου
316 3313 429 3383 σῶμαΡ
447 3322 525 3383 σῶμα
538 3324 650 3387 γριστοῦ
664 3314 748 3368 Β.-
766 3319 801 3368 24
819 3245 955 3439 γεγένητο
962 3314 1013 3370 OD
1031 3322 1056 3371 et
1068 3332 1139 3371 rece.

129 3383 818 3473 quidam.132Dm.2corr.-25wmm
852 3384 1139 3454 τὰοωΒετεοοο,

131 3456 181 3523 φατ’
199 3454 226 3509 οί
244 3475 296 3509 κατ
299 3452 393 3525 ’ἐμοῦ
411 3464 528 3511 τοιαῦτα
546 3458 678 3513 οωίιτῦοτιλ.

204 3619 219 3667 ό
239 3610 326 3679 οὕτως
342 3614 422 3669 Ρ.-
443 3623 477 3671 14
494 3618 544 3673 καλ
561 3623 624 3672 ante
642 3611 696 3672 δύο
714 3634 764 3674 σοι.
779 3618 809 3672 P.
827 3650 860 3659 -
881 3623 914 3673 16
934 3614 1056 3689 όλίγιστα
1073 3615 1103 3671 Ρ.
