2617 3909
173 246 240 310 550
482 249 668 300 ΙῈΩΡΙῚΟΤ
685 249 868 301 ΜΟΝΑΧΟΤ

173 413 262 470 στεως
292 395 448 478 ἐγγράφως
479 395 557 479 αὐτῷ
586 405 717 475 σημᾶναι
746 395 802 474 τὴν
827 394 988 476 ἀκρίβειαν.
1039 397 1114 476 ὅπερ
1142 396 1199 456 καὶ

173 493 320 575 πέπραγεν
337 489 516 566 Ἀθανάσιος
533 493 583 554 καλ
602 493 749 574 γέγραφεν
758 488 899 576 Ἰωβιανῷ
913 493 1072 572 ἐπιστολήν
1090 495 1198 575 πλήρη

173 591 359 674 ὀρθοδοξίας.
405 587 468 652 ἀλλ’
490 591 506 653 ὁ
530 592 624 664 οὕτως
646 591 771 670 εὐσεβὴς
794 590 845 651 καί
867 593 1039 670 θαυμάσιος
1062 592 1138 671 μετὰ
1160 590 1199 671 η’

173 700 270 770 μήνας
301 699 354 768 τῆς
385 689 479 750 αὐτοῦ
511 690 660 769 βασιλείας
692 689 726 750 έν
750 690 871 772 Κιλικίᾳ
900 691 1085 768 τετελεύτηκε
1118 689 1198 771 μέγα

147 787 287 861 επένθος
309 788 488 864 καταλείψας
510 796 545 872 τῇ
568 787 708 870 έκκλησίμ
730 786 780 846 καλ
801 791 886 858 λαοῖς
907 787 1028 848 ἅπασιν.

419 961 468 1045 [ε’.
501 963 586 1046 Περὶ
612 961 942 1044 Οὐαλεντινιανοῦ]

73 1101 159 1142 45311.
241 1087 329 1150 Μετὰ
352 1087 383 1150 δὲ
404 1085 557 1169 Ἰωβιανὸν
583 1087 770 1168 ἐβασίλευσεν
794 1088 1041 1162 Οὐαλειπινιανὸς
1068 1091 1121 1169 ἔτη
1148 1089 1197 1171 ιβ’

173 1186 387 1268 ἀναγορευθεὶς
417 1187 450 1249 έν
481 1187 595 1270 Νικαίγ
626 1195 680 1265 τῆς
709 1186 866 1258 Βιθυνίας.
914 1186 994 1260 ὅστις
1026 1186 1102 1268 ὑπὲρ
1140 1199 1198 1269 τῆς

173 1283 315 1366 ἡμετέρας
342 1287 465 1358 πίστεως
491 1283 571 1366 παρὰ
598 1279 762 1344 Ἰοαλιανοῦ
790 1283 928 1364 ε’τύγχανε
958 1294 1013 1364 τῆς
1039 1289 1198 1366 στρατείας

136 1407 161 1445 ιο
175 1383 340 1464 ἐκβληθείς.
386 1378 449 1444 ἀλλ’
469 1382 638 1464 ἐπλήρωσεν
665 1380 698 1443 ἓν
720 1379 835 1465 αὖτῷὸ
860 1382 933 1454 θεὸς
955 1382 1027 1463 ὅπερ
1050 1383 1196 1465 ὑπέσχετο

174 1479 249 1562 ὑπὲρ
269 1481 305 1541 τά
324 1480 609 1542 ἑκατονταπλασίονα
629 1479 663 1541 έν
683 1481 722 1562 τῷ
737 1480 861 1560 παρόντι
884 1481 971 1540 αι’ῶνι
992 1480 1198 1555 ἀποδεδωκὼς

174 1579 258 1662 αὐτῷ
305 1577 406 1656 ἐπειδή
432 1576 489 1658 γὰρ
516 1575 591 1658 ὑπὲρ
618 1587 672 1656 τῆς
698 1578 822 1648 πίστεως
843 1575 899 1654 τήν
922 1580 1074 1657 στρατείαν
1102 1604 1196 1641 κατα-

175 1676 316 1754 λελοίπει,
346 1675 400 1753 τήν
423 1676 574 1754 βασιλείαν
603 1673 728 1748 ἐδέξατο.
774 1667 860 1746 οὗτος
887 1675 930 1747 είς
955 1675 1012 1753 τὴν
1038 1678 1197 1756 βασιλείαν

175 1771 323 1833 κοινωνὸν
345 1773 539 1852 προσελάβετο
562 1771 633 1851 μετὰ
656 1769 686 1832 λ’
703 1769 814 1851 ἡμέρας
831 1779 884 1848 τῆς
902 1769 1011 1832 ἑαυτοῦ
1029 1771 1197 1856 ἀναγορεύ-

137 1892 162 1933 ιε
177 1889 250 1942 σεως
268 1870 320 1932 τὸν
338 1869 445 1931 ἑαυτοῦ
466 1869 597 1948 ἀδελφὸν
618 1869 777 1931 Οὐάλεντα.
818 1867 961 1928 εἰσελθὼν
978 1869 1035 1951 γάρ
1053 1870 1086 1933 έν
1104 1877 1197 1934 Κων-

177 1969 417 2030 σταντινονπόλει
442 1968 707 2047 μεταπεμψάμενος
729 1965 821 2027 αι’πὸν
843 1965 876 2026 έκ
898 1969 1054 2040 Πανονίας
1078 1971 1197 2043 πόλεως

178 2069 311 2146 Κιβαλής
335 2061 465 2150 (έκεῡθεν
487 2065 542 2148 γὰρ
566 2059 717 2147 ὥρμηντο)
744 2064 891 2125 κοινωνὸν
913 2064 1007 2126 αὐτὸν
1031 2076 1086 2146 τῆς
1108 2071 1196 2148 βασι-

175 2167 255 2238 λείας
276 2164 482 2245 προσελάβετο,
504 2162 554 2223 καλ
577 2162 672 2246 ἑαυτῷ
693 2160 748 2240 μὲν
769 2161 805 2222 τὰ
827 2171 879 2240 τῆς
902 2163 1015 2236 δύσεως
1037 2165 1194 2240 ἐπελέξατο

176 2262 265 2343 μέρη,
297 2262 398 2346 ἐκείνῳ
429 2260 461 2322 δὲ
488 2261 524 2321 τά
550 2271 603 2340 τῆς
630 2259 776 2338 ἀνατολῆς
802 2255 963 2319 κατέλιπεν.
1011 2262 1134 2341 Οὐάλης
1162 2263 1197 2326 δὲ

249 2465 327 2512 3-4
346 2458 437 2511 Rufin.
454 2459 488 2525 Π,
504 2464 527 2512 1.
547 2491 581 2498 -
601 2463 617 2511 8
636 2456 686 2510 Th.
702 2456 731 2508 ι.
751 2456 785 2522 cf.
804 2454 902 2522 Polyd.
917 2473 948 2524 ρ.
963 2462 1025 2522 εει,
1041 2463 1066 2512 ε.
1086 2492 1122 2499 -
1141 2466 1196 2514 ε-

179 2536 212 2656 ρρ
229 2530 322 2653 ffi
337 2528 375 2667 R,
385 2535 414 2654 22
434 2561 469 2568 -
489 2535 593 2582 13—19
613 2527 708 2582 111.
730 2527 766 2593 cf.
780 2525 877 2593 Polyd.
898 2529 914 2580 ι.
929 2529 946 2580 ι.
963 2561 996 2568 -
1017 2534 1115 2599 19-p.
1132 2538 1196 2601 551,

251 2775 265 2822 1
287 2767 433 2839 ἐγγράφως
456 2768 531 2840 αὐτῷ
546 2767 723 2821 GEFLNRV
731 2766 791 2820 Pol.
801 2765 925 2834 Theoph.
950 2767 1027 2841 αὐτῷ
1046 2769 1200 2840 ἐγγράφως

177 2841 233 2894 ΑΒ.
260 2873 295 2880 -
318 2846 333 2892 2
353 2839 402 2893 καλ
420 2838 630 2910 γέγραφεν-3
649 2837 811 2908 θαυμάσιος
827 2854 877 2891 om.
892 2836 922 2889 F.
948 2869 978 2876 —
1004 2839 1097 2910 πλήρη
1115 2842 1198 2896 mv

177 2911 283 2981 πλήρης
301 2910 439 2966 BGDER
462 2910 560 2978 πλήρις
578 2910 610 2962 A.
634 2941 670 2948 -
694 2915 710 2960 3
730 2908 745 2963 ὁ
764 2908 886 2971 οὕτοςΑ
909 2903 993 2971 οὗτος
1015 2912 1078 2979 (om.
1098 2911 1126 2982 ὃ)
1145 2913 1200 2968 GG

178 2983 193 3037 ὁ
221 2991 349 3044 τοιοῦτος
370 2983 393 3035 Β
424 2977 507 3044 οὗτος
533 2980 548 3035 ὁ
571 2981 604 3034 R.
634 3013 667 3020 —
696 2985 711 3033 ’1
735 2979 961 3040 οΰαλεντινιανὸς
987 2979 1004 3034 ὁ
1032 2981 1120 3050 μέγας
1147 2985 1199 3039 FV

178 3054 376 3116 οὐαλεντιανὸς
394 3053 444 3106 AD
468 3060 493 3108 et
514 3069 585 3106 τεοο.
604 3052 729 3120 quidam.
753 3082 789 3091 —
816 3055 832 3102 9
855 3047 986 3117 οτρατίας
1008 3051 1090 3107 ODG
1112 3072 1200 3123 κτρα.

177 3133 239 3186 τιᾶς
262 3125 293 3178 Ε.
316 3157 350 3164 -
379 3130 413 3178 10
442 3124 472 3178 έν
500 3124 575 3195 αὐτῷ
603 3120 865 3177 GDEFNRVRuf.
894 3120 925 3174 έν
946 3138 997 3176 om.
1018 3124 1135 3178 ABLM.
1160 3160 1198 3168 —

180 3201 211 3248 11
232 3195 278 3266 τά]
297 3195 388 3249 τῶνΟ
407 3213 458 3250 om.
472 3195 505 3248 A.
525 3226 558 3234 -
580 3200 612 3248 12
631 3189 766 3260 στρατίαν
781 3192 831 3247 cl)
850 3192 983 3258 στρατιάν
1001 3193 1033 3247 Ε.
1053 3227 1088 3236 -
1107 3218 1199 3252 κατα-

178 3263 298 3321 λελείποι
311 3267 337 3318 Α
355 3264 593 3321 καταλέλοιπενλί
611 3263 740 3318 κατέλιπε
758 3271 784 3318 τί
800 3261 943 3318 κατέλειπε
960 3280 1032 3318 rece.
1046 3267 1140 3322 multi.
1160 3301 1198 3310 —

180 3343 214 3391 14
229 3335 382 3408 προσέλαβε
399 3337 423 3389 Β
441 3335 664 3407 προσεβάλετοΕ
682 3335 850 3405 προεβάλετο
865 3351 935 3388 roeo.
950 3336 1076 3402 quidam.
1092 3371 1126 3378 —
1145 3349 1200 3408 τῆς

180 3409 267 3462 αὐτοῦ
287 3407 368 3474 άναγ.
382 3407 435 3460 FL.
453 3438 489 3448 -
509 3413 542 3461 15
560 3407 611 3461 τὸν
630 3405 755 3472 ἀδελφὸν
773 3406 860 3459 αὐτοῦ
878 3405 954 3459 ABF
972 3406 1033 3475 (τὸν
1051 3407 1129 3464 ἴδιον
1148 3413 1198 3466 ἀΰ.

179 3478 258 3544 ΡοΙ.).
269 3509 304 3516 -
317 3483 349 3530 16
364 3474 552 3541 πανοννίαςΓ
566 3473 701 3538 παιονίας
713 3473 824 3545 (-ωνίας
836 3476 897 3544 EL)
908 3474 1010 3530 GELR
1023 3476 1148 3544 σπανίας
1157 3483 1197 3536 Μ.

181 3582 214 3676 -έ-
235 3554 267 3602 17
287 3547 397 3618 ὥρμητο
411 3548 515 3603 ABRV
533 3549 620 3602 invito
634 3545 692 3600 Pol.
708 3577 742 3586 -
762 3552 795 3599 19
811 3546 972 3601 κατέλειπεν
986 3548 1088 3603 AOFN
1106 3573 1200 3608 κατα-

179 3623 305 3675 λλοιπεν
323 3620 353 3672 L.
