2617 3909
196 242 262 305 394
509 232 695 295 Γεοουτου
712 243 896 295 ωοωεκου

195 391 284 471 ἐσται,
307 390 357 452 καὶ
375 391 435 471 τήν
457 390 544 451 πόλιν
566 389 616 451 καί
638 391 715 453 τδ”
694 413 781 472 αγιον
803 378 967 470 διαφθερεῖ
983 390 1040 451 σὺν
1058 395 1096 475 τῶ
1116 386 1209 470 ήγου-

197 487 274 574 μένην
306 495 345 573 τῷ
374 486 534 573 ἐρχομένςο,
567 487 658 549 καλέ
657 488 856 567 κκοπήσονται
883 486 923 562 ὥς
950 487 983 549 ἐν
1009 450 1209 571 κατάκλυσμώ

196 586 246 648 καλ
269 586 432 669 ἀρθήσεται
451 587 546 647 θυσία
563 609 613 647 και
603 585 757 666 σπονδή,
777 585 827 647 καλ
845 583 937 648 ἐπὶ
911 609 943 648 το
962 586 1099 666 ίερὸνβδ
1099 584 1244 666 έ’λυγμα
1297 621 1298 626 1

195 686 377 767 ἐρημώσεως,
397 682 546 745 συντέλεια
564 683 732 763 δοθήσεται.
765 683 815 745 διὰ
834 682 961 764 μὲνγαρ
979 693 1032 745 τοῦ
1050 684 1207 763 χρίσματος

169 783 250 862 ετήν
269 783 433 863 ἱερωσύνην
456 781 611 861 ἐδήλωσεν,
635 781 686 843 διὰ
704 779 736 843 δε
754 791 807 843 τοῦ
825 781 1012 862 κρίματος
983 805 1038 861 την
1056 781 1208 860 βασιλείαν

194 879 245 941 καλ
267 880 322 959 τήν
340 880 495 959 πολιτικήν
518 881 705 959 κατάστασιν,
727 879 777 941 καλ
800 890 858 940 τών
876 877 972 940 ἀλλων
989 876 1130 939 ἀπάντων
1152 877 1208 955 τήν

195 976 346 1058 ἀναίρεσιν
364 975 528 1057 δπέφηνευ,
552 975 602 1038 διὰ
625 975 657 1038 δὲ
679 987 732 1039 τοῦ
750 982 956 1056 κατακλυσμοῦ
979 975 1029 1037 καλ
1051 986 1103 1055 τῆς
1124 974 1208 1036 ἐκκο-

195 1085 255 1155 πής
273 1074 322 1136 καλ
340 1086 392 1156 τῆς
406 1076 571 1149 συντελείας
589 1074 643 1153 τήν
658 1073 754 1156 άρδην
772 1074 917 1137 ἔκπτωσιν
935 1073 985 1135 καλ
998 1073 1209 1153 πανωλεθρίαν

196 1172 349 1254 ἐσήμανεν.
396 1172 466 1234 ὅταν
485 1165 540 1234 οὖν
558 1172 705 1257 ἀκούσης,
728 1166 891 1234 ώἸουδαῖε
909 1170 1011 1251 τυφλέ,
1029 1169 1208 1249 συντέλειαν,
1297 1164 1299 1186 ³

156 1293 182 1332 το
196 1274 225 1333 τί
250 1271 354 1334 λοιπὸν
381 1270 478 1354 ἕτερον
505 1273 688 1356 προσδοκᾷς;
716 1271 744 1332 εἰ
770 1268 801 1332 δὲ
828 1268 1040 1351 ἀναγινώσκων
1067 1267 1124 1329 οὐκ
1146 1266 1209 1329 ἐπι-

196 1371 348 1452 γινώσκεις
381 1364 492 1453 (ώσπερ
526 1362 582 1431 οὖν
614 1366 684 1431 οὐδὲ
711 1367 912 1449 ἐπιγινώσκεις
943 1365 1036 1439 όντως
1062 1364 1129 1447 περί
1155 1376 1209 1445 τῆς

99 1490 138 1530 τοι
152 1489 182 1528 Μ.
198 1467 423 1550 ἀπροσδοκήτου
446 1485 501 1528 σου
524 1465 713 1544 ἀνακλήσεως
734 1464 784 1526 καλ
802 1464 852 1526 διὰ
870 1474 955 1526 τοῦτο
973 1464 1046 1544 πρὸς
1064 1463 1119 1543 τήν
1137 1462 1209 1543 ἀλή-

200 1572 289 1626 θειαν
317 1563 539 1645 ἀπομαχόμενος
567 1562 603 1625 οό
625 1558 729 1646 νοεῖς),
752 1560 885 1623 άκουσον
904 1561 937 1623 ἐν
958 1563 1135 1642 παρεκβάσει
1157 1560 1209 1634 τὰς

199 1662 303 1741 φωνάς
331 1672 390 1723 τῶν
417 1670 579 1743 προφητῶν
608 1660 658 1722 καλ
685 1669 798 1721 παῦσαι
823 1668 877 1721 τοῦ
904 1664 1009 1721 λοιποῦ
1032 1664 1210 1737 φιλονεικῶν

158 1781 183 1821 15
197 1760 247 1822 καὶ
270 1759 463 1839 ἀνοηταίνων.
510 1758 526 1821 ό
549 1758 707 1840 προφήτης
726 1753 816 1836 Ὠσηὲ
839 1758 916 1819 οὕτω
939 1755 1025 1839 λέγει’
1048 1756 1099 1817 καλ
1120 1780 1209 1817 κατα-

197 1859 303 1920 παύσω
326 1859 474 1938 βασιλείας
497 1858 581 1918 οἴκου
602 1852 717 1937 Ἰσραήλ
738 1854 789 1916 καλ
811 1856 964 1936 συντρίψω
983 1856 1068 1928 τόξον
1084 1850 1209 1934 Ἰσραήλ,
1297 1849 1299 1890 λ

197 1956 246 2019 καλ
274 1955 310 2018 οό
339 1955 379 2035 μή
407 1961 532 2036 προσθῶ
561 1954 602 2015 ἔτι
628 1953 744 2033 ἐλεήσαι
767 1953 819 2015 τὸν
840 1948 924 2015 οἶκον
943 1949 1071 2032 Ἰσραήλ,
1099 1948 1162 2013 ἀλλ’
1187 1951 1208 2031 ή

197 2053 440 2133 ἀντιτασσόμενος
463 2051 651 2131 ἀντιτάξομαι
675 2051 786 2130 αὐτοῖς,
809 2049 884 2131 λέγει
906 2051 1016 2132 κύριος.
1060 2051 1122 2112 καί·
1146 2049 1209 2129 ἐμί-

197 2170 273 2232 σησα
296 2151 405 2225 αὐτοὺς
428 2150 478 2212 διά
500 2150 551 2225 τὰς
573 2151 679 2222 κακίας
701 2160 761 2210 τῶν
782 2148 1022 2228 ἐπιτηδευμάτων
1043 2147 1141 2209 αὐτῶν
1159 2148 1211 2209 καλ

158 2272 184 2311 το
197 2251 229 2313 ἐκ
252 2259 304 2312 τοῦ
324 2250 408 2311 οἴκου
427 2272 484 2329 μου
503 2248 615 2329 ἐκβαλῶ
635 2246 744 2321 αὐτοὺς
762 2245 812 2307 καὶ
830 2246 866 2307 οὐ
884 2245 1048 2325 προσθήσω
1066 2255 1118 2306 τοῦ
1136 2244 1209 2327 ἀγα-

197 2356 291 2425 πῆσαι
317 2345 440 2425 αὐτούς,
473 2343 548 2426 λέγει
576 2345 686 2427 πόριος.
732 2343 869 2406 ἐπόνεσεν
894 2339 1024 2423 Ἐφραίμ
1050 2342 1101 2415 τὰς
1128 2343 1210 2425 ῥίζας

198 2444 291 2505 αὐτοῦ
314 2441 363 2505 καλ
385 2442 547 2522 ἐξηράνθη,
570 2441 620 2503 καλ
642 2442 758 2523 καρπὸν
780 2440 878 2503 οὐκέτι
900 2442 936 2502 οό
959 2441 999 2519 μή
1023 2439 1136 2524 ἐνέγκῃ,
1159 2440 1210 2501 ’καλ

198 2540 343 2603 ἀπώσεται
371 2539 480 2612 αὐτοὺς
507 2538 523 2600 δ
552 2540 636 2620 θεός,
665 2540 710 2601 ότι
737 2538 793 2601 οὐκ
820 2540 997 2618 εἰσήκουσαν
1024 2538 1131 2617 αὐτοῦ,
1158 2538 1210 2599 καλ

198 2638 314 2701 ε’σουται
336 2643 482 2718 πλανῆται
504 2636 615 2711 ἐντοῖς
634 2636 761 2699 ε’θνεσιν.
799 2636 857 2715 ἔφη
876 2645 951 2717 γοῦν
968 2634 1018 2697 καλ
1036 2636 1208 2756 Μαλαχίας

159 2760 185 2799 25
199 2737 255 2798 οὐκ
282 2736 341 2797 εστι
369 2758 418 2815 μοι
446 2734 563 2814 θέλημα
589 2734 622 2796 ἐν
649 2733 736 2815 ὑμῖν,
763 2732 837 2814 λέγει
864 2734 967 2813 κάρτος
990 2734 1210 2857 παντοκράτωρ,

198 2833 248 2895 καλ
271 2834 383 2895 θυσίαν
407 2833 443 2895 οὐ
466 2831 664 2914 προσδέξομαι
686 2832 719 2893 ἐκ
740 2842 799 2893 τῶν
817 2842 921 2913 χειρῶν
938 2830 1033 2913 ὑμῶν,
1057 2831 1165 2893 διότι’
1149 2833 1209 2895 απὸ

198 2930 349 2994 ἀνατολῶν
372 2928 459 3010 ήλίου
486 2930 536 2991 καὶ
564 2928 618 3003 εως
641 2931 763 3010 δυσμῶν
785 2930 817 2992 τὸ
841 2928 936 3009 όνομά
959 2953 1016 3009 μου
1039 2929 1210 3003 δεδόξασται

198 3030 230 3091 ἕν
253 3036 314 3103 τοῖς
337 3030 466 3109 ἔθνεσιν,
488 3027 538 3089 καλ
561 3027 593 3088 ἐν
615 3028 704 3089 παντλ
722 3029 802 3111 τόπῳ
820 3029 959 3108 θυμίαμα
981 3027 1155 3109 προσάγεται
1173 3034 1213 3112 τῷ

270 3197 357 3245 9-10
372 3190 512 3259 Ολττγεοελ.
529 3190 589 3244 adv.
605 3190 728 3244 Judaeos
737 3190 771 3258 V,
784 3195 815 3243 10
830 3190 926 3260 Migne
937 3190 1014 3244 Tom.
1025 3194 1069 3257 48,
1079 3194 1130 3243 899
1141 3190 1207 3243 med.

199 3296 233 3303 -
255 3269 286 3317 ιε
306 3262 371 3317 Hos.
388 3267 591 3330 9,15-17.-
610 3268 644 3315 τε
663 3262 729 3315 Mal.
747 3268 770 3328 ι,
786 3266 897 3315 10-12.

269 3411 286 3459 4
306 3401 447 3459 συντελελα
461 3402 537 3457 ΑΟΙ)
557 3400 710 3458 συυτελείαι
728 3404 808 3456 Β
830 3408 846 3455 8
864 3398 1058 3470 παυολεθριαν
1072 3402 1155 3456 CLN
1175 3434 1208 3442 -—

201 3481 233 3529 14
252 3478 405 3544 φιλονικῶν
419 3475 513 3528 AMet
502 3480 595 3529 t.recc
611 3474 783 3543 quidama-
804 3479 836 3527 15
851 3474 908 3542 ώση
910 3474 958 3527 {F
977 3474 1057 3527 ώσιαλ
1071 3474 1096 3525 Α
1111 3472 1209 3527 &aze

199 3496 274 3599 όσιὲφ
275 3546 365 3600 Μ,-
385 3551 419 3599 25
438 3544 567 3599 οὐκέσται
580 3546 605 3598 Α
611 3494 675 3599 ᾳοίικ
695 3545 735 3599 ἐτι
749 3543 796 3598 GV
814 3544 954 3598 οόκέτιΙι.
974 3548 1061 3595 —27
1079 3545 1128 3597 καλ
1147 3542 1208 3614 ἕως]

199 3616 247 3670 καλ
266 3616 354 3670 ἐπλΑ
377 3616 505 3689 μέχριΒ
