2617 3909
521 234 710 286 XPONIKON
1059 231 1121 295 731

102 378 270 460 Ῥωμανίαν
301 382 414 462 ἔχοντες
447 376 516 461 μεθ’
542 381 656 443 ἑαυτῶν
688 380 737 442 καί
769 379 820 454 τὰς
847 377 879 441 κ’
902 381 1034 461 χιλιάδας
1065 390 1124 442 τῶν

109 479 347 561 προσφυγόντων
364 481 521 560 Σκλάβον.
567 478 582 540 δ
601 477 634 541 δέ
651 502 684 560 γε
707 478 845 559 βασιλεὺς
867 478 1011 540 εἰσελθὼν
1032 478 1065 542 έν
1088 488 1122 562 τῇ

83 655 87 666 .
109 579 195 641 πόλει
212 577 262 639 καί
279 576 481 659 άμεριμνήσας
499 576 656 658 ἐξεβιάζετο
674 577 854 638 Καλλίνικον
872 576 924 638 τὸν
942 577 1125 659 πατριάρχην

110 675 203 757 εύχην
226 686 358 756 ποιησαι,
381 676 433 736 ἵνα
454 675 604 758 καταλύσῃ
626 675 682 754 τὴν
700 676 825 754 πλησίον
848 667 943 737 ούσαν
961 684 1014 736 τοῦ
1032 679 1125 735 παλα-

111 774 178 835 τίου
199 773 359 852 ἐκκλησίαν
380 783 433 853 τῆς
452 773 599 835 θεοτόκου
621 783 681 836 τῶν
699 775 932 855 Μητροπολίτου
955 770 1125 854 λεγομένην,
1153 791 1165 831 ε

111 869 212 933 θέλων
238 871 271 933 έν
298 878 337 955 τῷ
359 871 439 955 τόπῳ
469 880 574 951 στησαι
600 872 714 950 φιάλην
745 870 795 932 καί
822 871 923 952 βάθρα
950 872 1046 932 κτίσαι
1072 880 1126 932 τοῦ

112 969 211 1047 δήμου
229 979 289 1034 τῶν
305 968 448 1049 Βενέτων,
471 969 552 1043 ὅπως
573 968 638 1030 ἐκεῖ
650 969 702 1030 τὸν
720 967 840 1049 βασιλέα
863 968 1012 1050 δέχωνται,
1052 969 1126 1052 πρὸς
1141 990 1181 1030 οιε
1194 988 1226 1030 Μ.

112 1063 149 1127 δν
168 1064 184 1126 6
202 1067 382 1147 πατριάρχης
404 1066 500 1147 ἔλεγεν
523 1067 580 1127 ότι·
603 1065 694 1147 εύχὴν
718 1064 771 1146 μέν
789 1066 836 1128 έπλ
855 1067 991 1128 συστάσει
1013 1067 1126 1147 έχομεν,

113 1162 163 1224 ε’πλ
181 1163 214 1226 δὲ
231 1165 387 1226 καταλύσει
404 1164 561 1242 ἐκκλησίας
578 1163 718 1242 οὐδαμῶς
736 1165 948 1246 παρελάβομεν.
988 1163 1052 1226 έπεί
1072 1157 1127 1226 σύν

113 1256 335 1342 κατηνάγκασεν
357 1261 450 1323 αύτδν
472 1259 488 1322 6
512 1261 650 1341 βασιλεύς
677 1261 727 1323 καὶ
751 1271 862 1345 φονικῇ
886 1264 938 1346 βία
960 1262 1016 1342 τὴν
1038 1263 1128 1342 εύχην
1142 1282 1168 1322 10

113 1357 246 1439 ἡπαίτει,
278 1359 364 1440 μόγις
389 1357 459 1420 ποτὲ
486 1359 547 1437 ἔφη
574 1358 590 1421 6
618 1360 810 1442 πατριάρχης·
844 1358 917 1434 δόξα
944 1367 983 1444 τῷ
1007 1366 1068 1444 θεῷ
1092 1367 1131 1442 τῷ

115 1456 280 1543 όινεχομένιμ
307 1458 432 1518 πάντοτε
457 1466 516 1517 νῦν
541 1455 593 1517 καὶ
619 1456 665 1518 άελ
692 1456 742 1518 καί
768 1458 811 1532 είς
838 1458 908 1531 τούς
932 1459 1043 1531 αἰῶνας
1069 1467 1128 1518 τῶν

115 1555 243 1616 αι’άνων.
280 1555 350 1637 ὅπερ
368 1553 499 1628 ἀκούσας
517 1554 534 1615 6
550 1578 578 1616 τε
597 1555 735 1635 βασιλεύς
752 1555 802 1616 καί
821 1553 837 1616 6
855 1554 1028 1638 ἀγυρτύδης
1046 1553 1129 1636 όχλος

115 1651 167 1713 καὶ
198 1652 230 1714 τό
257 1651 338 1732 άμην
365 1651 575 1732 ἐπιβοήσαντος
604 1651 766 1715 κατέλυσαν
797 1664 974 1736 παραχρῆμα
1000 1653 1055 1733 τὴν
1082 1653 1129 1716 ε’κ-

116 1752 249 1829 κλησίαν.
290 1749 341 1812 καί
362 1750 490 1829 ποιήσας
509 1750 565 1830 τὴν
583 1751 696 1831 φιάλην
718 1752 829 1813 ἔκτισεν
851 1751 951 1832 ἑτέραν
973 1751 1130 1830 ἐκκλησίαν
1145 1773 1170 1812 15

116 1849 158 1923 είς
178 1849 211 1911 τὸ
230 1848 339 1932 Πετρίν
360 1847 412 1910 καί
434 1849 671 1931 προσηγόρευσεν
693 1849 788 1928 αὐτὴν
810 1860 869 1911 τῶν
887 1849 1130 1931 Μητροπολίτου.

118 1942 191 2008 καθ’
208 1943 244 2008 δν
261 1946 370 2028 χρόνον
387 1947 545 2020 στασιάσας
558 1949 702 2021 Λεόντιος
721 1946 737 2010 δ
753 1949 905 2028 πατρίκιος
923 1945 1131 2029 ἀναγορεύεται
1145 1970 1184 2010 ειο
1198 1968 1230 2008 α.

116 2044 224 2119 νυκτός
250 2043 310 2106 ύπὸ
333 2054 387 2106 τοῦ
410 2045 508 2124 δήμου
531 2054 591 2106 τῶν
612 2044 745 2106 Βενέτων
770 2045 915 2123 βασιλεύς.
960 2041 1072 2125 ἡμέρας
1099 2043 1131 2105 δέ

116 2141 278 2224 γενομένης
298 2141 449 2223 ἐξαγαγὼν
464 2138 675 2204 Ἰουστινιανὸν
698 2143 741 2215 είς
757 2141 790 2203 τὸ
809 2141 931 2202 ίππικδν
949 2140 998 2201 καί
1017 2142 1131 2222 ρινοτο-

119 2240 215 2319 μύσας
237 2240 298 2319 άμα
320 2239 371 2300 καί
392 2240 637 2321 γλωσσοτομησας
654 2239 746 2301 αύτδν
763 2238 900 2319 ἐξώρισεν
919 2239 962 2311 είς
979 2242 1131 2319 Χερσῶνα.
1146 2261 1177 2302 ιο

417 2413 487 2498 [κζ’.
520 2416 609 2500 Περὶ
631 2413 833 2498 Λεοντίου]

187 2541 276 2602 Μετὰ
298 2539 331 2603 δὲ
345 2536 557 2604 Ἰουστινιανὸν
579 2541 746 2621 ἐβασίλευσε
764 2542 908 2616 Λεόντιος
930 2541 980 2622 έτη
1000 2539 1040 2623 γ’.
1080 2534 1130 2619 ἐφ’

192 2710 279 2758 2-16
293 2706 328 2772 cf.
338 2703 463 2773 Theoph.
476 2722 504 2773 γ.
516 2710 577 2771 368,
589 2710 611 2757 1.
629 2737 661 2744 -
678 2709 782 2758 17-20
796 2707 831 2771 cf.
842 2703 967 2773 Theoph.
978 2721 1006 2774 p.
1018 2708 1079 2772 368,
1090 2709 1132 2756 22.

120 2809 154 2818 -
174 2782 279 2858 22—11.
296 2781 357 2843 732,
371 2781 388 2829 8
406 2777 443 2843 ef.
457 2774 581 2845 Theoph.
596 2793 622 2845 μ.
638 2781 699 2842 370,
714 2783 739 2829 6.
1148 2778 1150 2784 ’

194 2915 208 2962 1
228 2905 288 2978 μετ’
309 2910 402 2963 αὐτῶν
421 2908 457 2961 Ν.
481 2941 514 2948 -
539 2915 555 2964 5
573 2918 628 2964 τῶν
646 2909 723 2963 ΑΒΡ
745 2909 795 2963 τδν
813 2908 838 2961 D
863 2911 921 2980 (qui
939 2916 1035 2978 postea
1057 2905 1134 2978 λεγό-

120 2983 214 3051 μενον)
233 2988 283 3035 τοῦ
298 2979 318 3034 O
336 2979 388 3048 τὴν
401 2980 432 3033 Μ
448 2979 484 3034 τὰ
497 2980 548 3035 RV
561 2980 622 3036 etl«)
641 2982 682 3036 lit.
696 2998 765 3037 corr.
780 2998 815 3035 ικ
831 2989 876 3035 τῶ.
894 3012 928 3020 -
947 2985 964 3033 8
983 2979 999 3034 6
1014 2997 1063 3034 om.
1078 2979 1133 3032 PR.

121 3085 158 3092 -
172 3053 276 3123 ἔχωμεν
289 3051 351 3104 NP.
361 3083 397 3092 -
411 3058 427 3104 9
441 3052 569 3123 οὐδαμοῦ
582 3052 604 3106 Β
618 3059 645 3108 et
655 3069 727 3107 rece.
743 3052 866 3121 quidam.
878 3084 911 3092 —
928 3058 960 3105 11
975 3049 1071 3120 ν’]πέτει
1085 3049 1133 3104 01)

121 3122 217 3193 ἡπέτει
234 3122 283 3176 ΑΕ
306 3120 402 3177 ύπέτει
421 3122 451 3176 Μ
478 3122 578 3196 ἀπῄτει
599 3123 686 3178 BRV.
711 3155 745 3164 —-
771 3128 804 3177 13
826 3143 856 3177 τε
879 3141 929 3179 om.
952 3121 1076 3176 BEMR.
1101 3153 1134 3162 -

122 3195 213 3320 δχλοη]
231 3195 299 3256 λαὸς
311 3193 368 3247 AB.
383 3225 417 3234 -
438 3200 470 3247 16
490 3194 530 3258 είς
547 3194 578 3249 τδ
597 3195 701 3265 πετρὴν
714 3194 771 3248 ΜΡ
790 3195 830 3256 εἰς
842 3195 873 3248 τὸ
888 3193 985 3262 πέτρον
999 3193 1025 3246 V
1048 3193 1135 3248 ἐντῶ

121 3285 189 3334 πετρ
202 3287 242 3340 νῳ
263 3282 335 3320 rece.
350 3265 485 3334 plerique.
505 3298 539 3306 -
557 3275 614 3321 τῶν
631 3266 708 3319 ABP
730 3267 781 3320 τὸν
798 3265 823 3318 D
846 3264 898 3334 τὴν
916 3265 946 3317 Μ
967 3264 1003 3319 τδι
1022 3249 1133 3318 GERV.

122 3370 156 3379 —
176 3343 211 3391 20
229 3337 288 3406 ἅμα
306 3337 355 3390 καλ
373 3336 600 3406 γλωσσοτομήσας
618 3354 669 3393 om.
684 3336 742 3391 RV.
762 3369 796 3376 -
816 3336 846 3391 έν
864 3345 982 3409 χερσῶνι
1000 3335 1059 3390 RV.

195 3476 221 3527 1.
230 3477 251 3526 2.
266 3470 376 3541 ἔχοντες
394 3472 442 3524 καλ
460 3471 526 3534 τούς
538 3470 722 3541 ποοσφύγους
736 3468 872 3542 σκλάβους
884 3468 914 3523 Ρ.
930 3501 963 3509 -
984 3467 1136 3535 10.11’τὴυ

123 3540 410 3668 ἓτχχηιιχτίχηαηηρύιχτος
424 3542 490 3612 ἔφη·
510 3539 580 3607 δόξα
594 3542 624 3596 Ρ.
634 3573 671 3588 -‹
686 3547 718 3597 18
734 3539 765 3608 ὃς
778 3539 883 3611 ἡμέρας
895 3537 1047 3611 γενομένης
1060 3538 1090 3596 Ρ,
1103 3570 1135 3576 -
