2617 3909
565 231 755 282 Χοοιιικοω
1098 230 1164 295 513

144 380 196 441 καί
218 376 408 457 Θεοδύρητός
431 392 537 456 φησιν·
562 374 665 455 ἐπειδὴ
686 378 789 438 τοίνυν
811 375 946 460 ἀριθμοῦ
963 379 1112 459 κρείττους
1134 380 1168 441 οἱ

146 475 380 556 ἀφικνούμενοι,
409 474 598 555 προσψαύειν
628 472 660 535 δὲ
686 474 795 549 πάντες
821 474 994 554 ἐπεθύμουν
1020 477 1073 537 καί
1097 499 1165 537 τινα

144 573 284 655 εὐλογίαν
311 571 479 652 ἐπεχείρουν
505 581 616 652 τρυγᾶν
648 570 707 634 οἰπδ
739 581 799 633 τῶν
828 573 1011 652 δερματίνων
1041 572 1164 636 ἐκείνων

146 672 282 751 ἱματίων,
304 680 422 752 πρῶτον
445 668 499 749 μὲν
521 678 574 749 τῆς
592 678 680 748 τιμῆς
697 669 730 732 τὸ
748 668 933 750 ὑπερβάλλον
954 669 1066 733 άτοπον
1086 665 1164 733 εἶναι

144 769 289 848 νομίζων,
317 767 415 829 ἔπειτα
438 764 470 827 δὲ
497 765 622 828 καὶτοῦ
645 767 815 848 πράγματος
836 767 870 829 τὸ
892 766 1037 830 ἐπίπονον
1059 769 1163 849 δυσχευ
1189 790 1204 831 ε

144 866 258 946 ραίνων
280 864 336 943 την
358 864 407 927 ἐπὶ
430 873 483 926 τοῦ
505 865 606 937 κίονος
628 864 832 945 ἐμηχανήσατο
856 864 968 946 στάσιν,
991 862 1028 927 δν
1044 875 1163 947 πρῶτον

146 962 200 1042 μὲν
226 962 357 1025 ἐκέλευσε
384 960 524 1043 γενέσθαι
550 971 655 1042 πηχῶν
683 959 725 1042 ς’,
753 955 813 1022 είια
839 960 885 1042 ιβ’
907 961 958 1023 καλ
979 962 1050 1042 μετὰ
1070 972 1163 1042 ταῦτα

143 1057 207 1141 νβ’,
234 1069 292 1121 νῦν
314 1056 347 1121 δὲ
369 1056 427 1129 λς’.
472 1058 529 1140 ἐγὼ
553 1056 586 1121 δὲ
613 1055 683 1121 οὐδὲ
709 1067 764 1138 τῆς
785 1061 872 1134 θείοις
894 1061 1066 1140 οἰκονομίας
1088 1058 1161 1122 άνευ

142 1158 256 1237 ταύτην
278 1157 480 1238 ὑπολαμβάνω
499 1155 639 1238 γενέσθαι
656 1155 713 1235 τὴν
731 1157 843 1238 στάσιν,
866 1150 958 1239 ούπερ
976 1159 1074 1220 εἵνεκα
1091 1158 1162 1231 τοὺς

144 1256 365 1337 μεμψιμοίρους
397 1258 557 1335 παρακαλῶ
588 1259 748 1334 χαλινῶσαι
778 1255 834 1334 τὴν
863 1260 999 1336 γλῶσσαν
1034 1254 1084 1317 καί
1118 1254 1160 1335 μή
1173 1276 1202 1319 ιο

144 1352 368 1433 ῥιψοκινδύνως
391 1349 578 1434 φθέγγεσθαι
600 1350 651 1413 καὶ
670 1357 801 1432 σκοπεῖν,
813 1337 865 1426 ’ὡς
882 1353 1023 1426 πολλάκις
1039 1362 1161 1415 τοιαῦτα

144 1448 162 1511 δ
181 1448 253 1522 θεὸς
271 1458 330 1510 τῶν
348 1447 562 1533 βαθυμοτέρων
579 1447 679 1511 ἕνεκεν
696 1446 839 1527 ὠφελείας
856 1448 1069 1530 ἐμηχανήσατο.
1109 1449 1160 1512 καλ

144 1545 201 1629 γὰρ
219 1546 271 1609 τὸν
280 1541 407 1608 Ἡσαΐαν
423 1547 539 1627 γυμνὸν
557 1546 607 1608 καλ
625 1546 816 1625 άνυπόδητον
834 1547 956 1628 βαδίσαι
973 1547 1161 1629 προσέταξεν,

143 1642 195 1705 καλ
221 1644 273 1707 τὸν
293 1637 433 1725 Ἱερεμίαν
459 1646 608 1725 περίζωμα
634 1654 670 1729 τῇ
694 1642 790 1724 ὀσφύϊ
809 1652 977 1727 περιθεῖναι
1003 1646 1054 1708 καλ
1080 1648 1159 1709 οὕτω

142 1747 205 1815 τοῖς
227 1739 388 1804 ἀπειθοῦσι
415 1740 594 1823 προσφέρειν
620 1742 677 1822 τὴν
697 1745 894 1826 προφητείαν,
921 1743 972 1806 καί
998 1742 1099 1807 άλλοτε
1126 1743 1158 1807 δὲ
1172 1764 1200 1805 ισ

141 1839 263 1913 κλοιοὺς
290 1840 427 1913 ξυλίνους
456 1837 507 1900 καλ
533 1839 676 1922 σιδηροῦς
707 1840 777 1920 μετὰ
803 1851 895 1903 ταῦτα
925 1844 1093 1923 περιβαλεῖν
1122 1848 1162 1926 τῷ

142 1938 289 2024 τραχήλῳ,
317 1936 367 1998 καὶ
394 1942 434 2020 τῷ
455 1930 543 2016 Ὠσηὲ
570 1943 700 2019 γυναῖκα
726 1939 844 2018 πόρνην
866 1941 967 2020 λαβεῖν
993 1938 1045 2001 καλ
1068 1940 1158 2001 πάλιν

141 2032 293 2116 ἀγαπῆσαι
315 2040 444 2117 γυναῖκα
466 2034 602 2115 πονηρὰν
627 2034 678 2095 καλ
701 2036 870 2116 μοιχαλίδα,
896 2035 948 2097 καλ
969 2042 1009 2119 τῷ
1025 2030 1158 2115 Ἰεζεκιὴλ

140 2131 190 2195 ἐπί
208 2142 262 2194 τοῦ
281 2133 380 2207 δεξιοῦ
397 2137 527 2214 πλευροῦ
545 2128 657 2213 ἡμέρας
676 2128 710 2210 μ’
725 2130 777 2192 καλ
794 2130 842 2193 ἐπί
860 2141 915 2194 τοῦ
931 2132 1089 2212 εύωνύμου
1107 2130 1159 2214 ρν’

140 2234 372 2310 κατακλιθῆναι,
399 2228 450 2291 καὶ
477 2221 570 2303 αύθις
592 2229 728 2311 διορύξαι
754 2228 806 2291 τδν
827 2234 928 2308 τοῖχον
949 2226 1000 2290 καλ
1023 2229 1158 2310 φυγόντα
1171 2249 1200 2291 1ο

140 2326 274 2399 ἐξελθεῖν
299 2325 350 2387 παλ
372 2326 572 2405 αἰχμαλωσίαν
599 2325 632 2387 ἐν
654 2325 757 2410 ἐαυτῷΙ
772 2326 952 2406 διαγράψαι,
979 2324 1030 2388 καλ
1057 2324 1157 2389 ἄλλοτε

140 2419 174 2483 δὲ
203 2424 291 2501 ξίφος
321 2422 363 2496 είς
389 2420 489 2503 άκμην
515 2425 690 2503 παραθῆξαι
720 2421 771 2484 κοιλ
797 2424 945 2502 ξυρᾶσθαι
975 2422 1070 2508 τούτῳ
1101 2422 1158 2502 τὴν

213 2599 246 2648 18
265 2592 320 2648 Jes.
340 2597 387 2660 80,
402 2599 427 2648 8.
447 2624 480 2635 -
500 2593 608 2649 11δοτ.
629 2598 715 2663 1,1'1.
734 2624 770 2634 -
789 2598 822 2647 18
840 2592 895 2647 Jet.
915 2599 950 2649 88
969 2596 1038 2663 (88),
1059 2599 1101 2647 18.
1121 2626 1155 2634 -

140 2669 174 2717 17
188 2664 254 2718 Hos.
267 2671 290 2733 1,
301 2670 331 2732 ες
342 2669 367 2733 ο,
378 2670 401 2718 1.
412 2696 448 2705 -
463 2669 496 2720 18
510 2664 556 2719 οι.
568 2670 593 2734 4,
603 2670 679 2735 4sqq.
693 2696 729 2705 -
745 2669 779 2719 ευ
792 2664 839 2718 Ει.
852 2671 894 2733 ιε,
904 2669 928 2719 ι.
939 2697 974 2706 -
988 2670 1021 2718 ει
1037 2664 1083 2719 Ει.
1093 2670 1118 2734 ι,
1129 2671 1155 2720 1.

212 2821 228 2869 8
247 2816 364 2869 καλ-8
382 2824 489 2886 τρυγᾶν
512 2833 563 2870 om.
582 2814 610 2870 G.
630 2848 666 2857 -
689 2822 706 2869 8
731 2813 904 2887 ἐπεγείρων]
927 2815 1091 2884 ίπεθύμουν
1112 2832 1155 2871 τε·

133 2888 206 2955 petit
227 2885 252 2939 D
275 2902 326 2941 om.
349 2886 407 2941 ΒΜ
434 2890 494 2957 (qui
518 2888 636 2943 εωλιύελζ·
664 2886 767 2949 πάντες
790 2886 950 2956 ἐπεθύμουν
973 2894 1079 2954 τρυγᾶν
1105 2882 1155 2940 καί

139 2976 203 3011 τινα
222 2956 276 3012 εύλ.
291 2957 367 3028 ἀπὸ).
387 2989 421 2999 -
441 2962 456 3011 9
476 2955 558 3013 ἕνεκα
572 2957 657 3012 ΔΒΕ.
677 2990 711 3000 -
732 2963 765 3012 18
784 2956 960 3013 άννπύδετον
979 2956 1064 3010 MRV
1084 2956 1155 3011 άνυ·

136 3025 263 3082 πύδυτου
278 3027 309 3082 F.
328 3059 364 3068 -
383 3033 416 3083 1⁷
431 3028 502 3097 ὡσηδ
515 3027 538 3081 F
551 3034 577 3084 ελ
589 3045 661 3084 rece.
676 3029 793 3098 quidam
812 3026 969 3083 δσιλΑΟΜ,
985 3059 1019 3067 -
1039 3030 1073 3081 18
1087 3026 1155 3093 λεζε-

136 3098 201 3168 κιὴλ
211 3097 348 3153 ΑΟΡΜΡ,
364 3130 399 3140 -
414 3103 446 3153 19
462 3100 606 3170 εὐωνύμου
618 3098 807 3155 ΑΒΡΤλιοοδ.
823 3099 970 3167 ἀριστεροῦ
986 3097 1046 3151 rell.
1056 3098 1102 3154 Ez.
1118 3130 1153 3139 -

137 3175 171 3222 81
188 3169 219 3224 ἐν
233 3168 322 3243 ἑαυτῷ
336 3168 499 3226 BPTheod.
519 3170 626 3245 ἐναυτῷ
635 3170 661 3223 Α
679 3170 770 3225 ἑαυτᾶ
781 3170 841 3225 rell.
858 3202 891 3210 -
906 3175 940 3223 88
954 3166 1153 3238 παραθίξαιΑ

135 3244 306 3309 παραθῆναι
325 3240 380 3295 OF.
400 3273 434 3282 -
453 3241 635 3309 ξυράσθαιΡ
658 3225 800 3311 ξύρασδαι
818 3240 853 3294 N.

209 3388 225 3437 8
244 3381 348 3447 πάντες
366 3380 527 3454 ἐπεχείρουν
546 3380 595 3439 καί
613 3401 677 3437 τινα
696 3382 750 3438 εύλ.
768 3382 825 3436 ἀπὸ
844 3401 867 3436 τ.
882 3382 958 3453 δερμ.
979 3379 1061 3439 ἐκείν.
1077 3381 1152 3453 λματ.

134 3460 242 3523 τρυγᾶν
260 3453 396 3509 PTheod.
412 3486 445 3494 -
465 3460 481 3507 8
500 3453 665 3526 ἐμηχανάτω
678 3453 708 3508 Ρ.
724 3484 758 3494 -
779 3458 812 3507 10
830 3456 933 3523 χαλινῶ
951 3457 1104 3526 χαλινῶσαι
1120 3453 1151 3508 Ρ.

135 3524 388 3650 ὦτηρχτβπιργθέσι
411 3524 547 3581 PThood.
576 3554 611 3566 -
639 3530 672 3579 81
697 3525 746 3580 καλ
773 3530 836 3579 ουλε
859 3523 955 3579 άλλοτε
982 3542 1033 3581 σιν.
1057 3524 1087 3578 Ρ.
1116 3554 1151 3564 -
