2617 3909
532 240 722 291 ΧΡοΝιΚοΝ
1072 206 1138 308 559

118 382 382 463 χειροτονηθέντος
405 383 436 446 δέ
459 384 562 466 αὐτοῦ,
585 395 692 447 τοῦτον
714 388 766 450 τὸν
788 390 884 467 ὕμνον
908 386 924 449 δ
943 390 1080 469 βασιλεὺς
1102 398 1142 475 τῷ

117 487 182 565 θεῷ
202 479 385 560 ἀνέπεμψεν·
409 483 493 563 χάρις
516 501 578 563 σοι,
602 482 729 546 δέσποτα
750 487 952 568 παντοκράτορ
975 486 1025 547 καί
1048 498 1137 570 σῶτερ

118 575 250 658 ἡμέτερε,
273 578 316 640 ὅτι
339 581 409 664 τῷδε
432 587 471 664 τῷ
490 579 577 663 ἀνδρὶ
599 581 656 663 ἐγὼ
682 580 736 662 μέν
759 584 894 664 σώματα,
922 584 959 645 σὺ
982 582 1014 645 δέ
1037 585 1190 666 ψυχάςιει
1204 610 1235 648 τι.

118 674 296 759 ἐνεχείρισας
323 676 373 738 καί
395 677 447 751 τὰς
467 677 539 758 ἐμάς
560 680 688 758 ψήφους
716 681 832 755 δικαίας
855 680 1020 760 ἀπέφηνας,
1063 683 1137 761 φασὶ

71 830 73 834 ,
118 771 152 834 δὲ
180 773 225 834 ὅτι
252 774 322 847 τοὺς
349 772 491 855 άρχοντας
517 774 696 850 ἀδικοῦντας
723 780 866 859 γενναίως
886 775 1060 860 Ἀμβρόσιος
1087 779 1136 842 ἐπὶ
1163 803 1176 843 σ

118 880 173 932 τοῦ
195 870 337 951 βασιλέως
360 872 517 954 διήλεγχεν.

414 1056 464 1140 [ζ’.
497 1059 586 1141 Περὶ
609 1058 834 1141 Γρατιανοῦ]

180 1183 232 1249 Ἐν
257 1188 289 1251 δέ
318 1197 357 1279 τῷ
385 1192 491 1271 μεταξὺ
523 1192 570 1253 έπλ
602 1193 655 1255 τὸν
681 1193 809 1272 πόλεμον
840 1204 900 1255 τῶν
929 1197 1135 1277 Σαυρομάτων

118 1286 367 1361 Οὐαλεντινιανὸς
390 1288 406 1351 δ
430 1288 519 1370 μέγας
545 1290 660 1352 ἐκτῶν
683 1301 780 1373 μερῶν
807 1301 860 1371 τῆς
882 1294 1009 1365 Γαλλίας
1037 1294 1079 1365 εἰς
1101 1294 1133 1355 τὸ

112 1378 276 1464 Ἰλλυρικὸν
301 1385 414 1466 ἐλθών,
442 1386 491 1448 καί
519 1398 572 1449 τοῦ
594 1387 724 1467 πολέμου
747 1388 831 1467 μόλις
858 1388 952 1471 ἀρχὴν
980 1390 1132 1470 λαβόντος,
1148 1414 1173 1452 10

116 1482 266 1567 ἀρρωστία
297 1484 451 1562 αἰφνίδιον
481 1485 635 1567 συσχεθεὶς
666 1486 856 1566 ἐτελεύτησεν.
907 1485 1041 1569 πρέσβεις
1075 1487 1131 1570 γὰρ

4 1632 5 1635 ,
114 1582 310 1663 Σαυρομάται
337 1580 508 1644 ἀπέστειλαν
535 1583 716 1657 ἐξαιτοῦντες
742 1584 873 1664 εἰρήνην.
920 1582 973 1659 οδς
1002 1585 1132 1647 Οὐαλεν-

112 1678 245 1751 τινιανὸς
268 1678 453 1757 θεασάμενος
479 1679 579 1761 ἤρετο,
607 1682 635 1743 εί
656 1682 763 1756 πάντες
786 1684 978 1763 Σαυρομάται
1003 1693 1132 1745 τοιοῦτοι

111 1776 310 1857 τυγχάνουσιν
339 1775 420 1851 ὄντες
446 1776 482 1837 τὰ
505 1778 632 1857 σώματα.
677 1788 737 1840 τῶν
764 1778 797 1841 δέ
819 1781 963 1844 είπόντων
991 1781 1034 1843 ὅτι
1060 1782 1129 1855 τοὺς

111 1868 183 1954 παρ’
203 1873 304 1946 αὐτοῖς
326 1872 463 1954 άρίστους
486 1874 668 1957 ἀπέστειλαν,
691 1876 858 1960 ἀναπράξας
881 1876 955 1960 μέγα
974 1878 1057 1940 δεινά
1075 1878 1130 1958 τὴν
1145 1901 1170 1941 15

106 1964 258 2049 Ῥωμαίων
281 1973 430 2051 βασιλείαν
452 1966 533 2034 εἶπεν
556 1973 717 2054 ὑπομένειν
739 1975 781 2047 είς
804 1975 894 2037 αὐτὸν
917 1974 1077 2056 ἐλθοῦσαν,
1101 1977 1129 2038 εί

59 2060 63 2069 ’
109 2069 349 2148 Σαυροματαίων
372 2071 404 2131 οί
424 2068 536 2152 άριστοι
558 2080 688 2133 τοιοῦτοι
707 2065 859 2150 Ῥωμαίοις
886 2078 1012 2150 τολμῶσι
1041 2079 1126 2134 πολε-

109 2172 185 2245 μεῖν.
232 2166 264 2228 έττ
287 2164 319 2227 δέ
342 2176 394 2247 τῆς
417 2168 594 2243 διαστάσεως
617 2168 727 2249 φλεβὸς
750 2170 897 2251 ῥαγείσης,
920 2168 970 2229 καί
989 2170 1128 2231 πλείστου

183 2368 269 2417 8-11
290 2364 490 2433 Rufin.11‚12.
511 2396 545 2406 -
568 2372 672 2433 ll—p.
694 2371 753 2430 560,
776 2371 789 2417 1
810 2364 860 2418 Th.
881 2365 910 2419 L.
932 2366 966 2433 es.
981 2365 1047 2420 Exc.
1062 2366 1126 2420 Bar.

110 2434 235 2504 Theoph.
248 2452 277 2504 μ.
294 2442 337 2503 61,
351 2441 385 2489 25
403 2436 501 2505 Polyd.
513 2454 542 2505 μ.
558 2442 610 2489 420
620 2437 668 2503 fin.

182 2618 198 2664 2
217 2611 418 2681 παντοκράτωρ
436 2612 525 2666 AGM.
545 2645 580 2653 —
599 2613 688 2682 σωτὴρ
708 2613 788 2668 codd.
800 2620 911 2683 praeter
928 2612 985 2667 EV.
1006 2645 1039 2654 -
1058 2620 1074 2667 3
1094 2615 1126 2669 δέ

108 2683 158 2737 τιαλ
176 2682 271 2753 ψυχάς
289 2684 345 2738 ΑΒ,
370 2715 403 2723 -
428 2690 443 2737 6
463 2683 604 2755 διήλεγξεν
624 2683 719 2739 CExc.
738 2716 774 2725 —
797 2688 864 2740 Post
882 2684 1024 2754 διήλεγχεν
1043 2684 1068 2739 V
1086 2688 1126 2741 σεῖο

104 2755 211 2825 peryit:
236 2754 304 2823 μετὰ
327 2754 358 2808 δὲ
382 2754 519 2810 οίτάλεντα
542 2753 700 2826 ἐβασίλευσε
724 2756 874 2826 γρατιανὸς
896 2755 960 2819 υίὸς
983 2757 1125 2810 οάαλεντι-

108 2832 211 2879 νιανοῦ
232 2824 277 2894 έτη
296 2824 325 2894 γ’
341 2832 365 2880 τί
382 2827 414 2879 τ’ντ
432 2844 483 2897 my.
498 2843 642 2881 υννοιτοιντ
660 2832 698 2896 μ“η
712 2829 850 2882 adscribit.
879 2827 929 2880 EL
947 2828 1070 2881 Τίίυλννι
1082 2829 1127 2882 hic

107 2900 248 2951 inserunt:
271 2896 421 2966 γρατιανδς
439 2897 488 2951 καλ
508 2898 734 2960 οδαλεντινιανὸς
752 2895 941 2969 (οὐαλεντίνος
958 2896 990 2966 Ιι)
1010 2896 1025 2950 δ
1044 2898 1125 2951 ἀδελ-

109 2967 164 3036 φὸς
192 2968 278 3021 αὐτοῦ
307 2967 353 3037 έτη
380 2968 418 3038 γ’.
456 2968 566 3023 Similia
589 2970 642 3021 alii
669 2970 772 3024 codices
795 2970 918 3037 plerique
945 2968 1032 3022 variis
1060 2968 1125 3023 locis

106 3039 149 3093 ναί
167 3038 199 3092 τ’νι
217 3044 293 3093 ταυτα
315 3040 356 3093 vel
378 3040 410 3093 τ’νι
428 3056 479 3110 my.
499 3040 630 3094 οπλίοοπτ.
656 3071 690 3079 -
713 3045 730 3092 8
750 3040 795 3093 ἐπὶ
817 3048 874 3093 τῶν
897 3035 1024 3106 πολέμων
1043 3038 1123 3091 codd.

108 3110 223 3164 Oorreaei
250 3127 264 3164 e
290 3109 354 3162 Ruf.
384 3142 417 3150 -
448 3109 638 3179 σαυρωμάτων
665 3109 778 3164 FLMR.
807 3140 842 3150 -
871 3115 903 3162 11
932 3105 1069 3180 αἰφνιδίῳ
1097 3109 1123 3163 V

106 3188 133 3235 et
150 3180 173 3232 Β
192 3198 226 3233 m.
246 3184 265 3233 2
292 3186 323 3233 υλ
347 3182 402 3235 vid.
428 3212 461 3221 -·
491 3187 523 3234 12
550 3180 730 3251 σαυρωμάται
755 3180 871 3233 AFMR.
900 3212 934 3220 —
959 3185 992 3232 13
1016 3196 1124 3247 σαυρω-

106 3251 193 3320 μάται
211 3251 347 3304 AFLMR.
371 3282 407 3291 —
431 3257 464 3305 16
484 3248 561 3308 εἶπεν
583 3251 734 3321 ὑπομένειν
775 3248 900 3305 ασιλείαν
918 3250 952 3304 N.
978 3283 1011 3291 -
1035 3252 1072 3322 εί]
1097 3251 1125 3305 οἱ

107 3322 164 3375 ΟΕ.
194 3354 227 3362 -
258 3327 290 3374 17
315 3319 530 3392 σαυροματαίων
554 3326 686 3393 (σαυρωμ.
765 3323 797 3392 F)
816 3321 997 3376 AOEFLMV
1022 3339 1123 3389 σαυρο-

106 3392 203 3462 μάτων
227 3396 357 3461 (σαυρωμ.
381 3394 407 3447 R
434 3402 522 3448 -ατῶν
541 3394 573 3462 Β)
593 3393 669 3448 BDR
696 3391 871 3462 σαυρομάται
899 3387 938 3447 ὦν
962 3392 1027 3446 Exo.
1048 3400 1124 3459 recte,

106 3465 153 3519 sed
177 3460 392 3533 σαυροματαίων
416 3466 498 3519 etiam
515 3464 574 3518 Pol.
599 3497 631 3504 —
659 3470 691 3519 18
711 3463 881 3526 διαστάσεως
898 3464 946 3517 ΑΒ
972 3463 1122 3524 διστάσεως

105 3536 147 3658 fiel
175 3534 296 3658 σμάρεως
322 3535 347 3588 R
379 3535 532 3597 διατάσεως
563 3535 622 3589 rell.
649 3543 731 3602 recte,
762 3536 809 3589 sed
840 3534 1011 3624 διμργάσειος
1040 3535 1124 3587 etiam

130 3622 172 3660 xc.
214 3622 250 3659 0.
718 3623 722 3632 ’
906 3619 915 3632 ’

161 3703 306 3755 Georgius
320 3706 529 3746 Monaohused.
545 3704 573 3743 de
586 3704 654 3744 Boor.
677 3680 726 3745 :'1.'·
754 3686 808 3747 ’,Ἴ
864 3664 961 3743 Ῐίέὸὃ
