2617 3909
527 239 717 291 Χεοαεκοε
1062 239 1129 303 453

173 381 274 460 Ὅστις
293 380 449 468 Ώριγένης
471 386 513 459 είς
528 382 748 466 Ἀλεξάνδρειαν
770 384 909 465 ἀκμάζων
932 389 1070 469 μεγίστην
1088 390 1131 462 είς
1143 402 1183 442 οιο
1196 400 1230 442 τι.

112 484 165 547 τὸν
199 490 286 545 θεῖον
318 483 407 566 λόγον
438 484 574 564 σπουδὴν
603 484 856 564 καταβαλλόμενος
883 485 920 547 ού
948 487 1042 564 μόνον
1069 494 1131 561 τοῖς

112 588 230 654 πιστοῖς
262 582 402 663 πρόξενος
434 580 576 661 ὠφελείας
603 582 715 663 ἐγένετο
746 583 887 663 μεγάλης,
919 581 992 643 ἄλλα
1020 606 1053 665 γε
1080 584 1131 644 καὶ

112 690 174 741 τῶν
203 680 356 760 αι’ρετιιιῶν
388 680 444 743 ούτ
472 678 588 761 ὀλίγοις.
633 675 686 741 ὑπ’
713 680 805 743 αὐτοῦ
834 679 891 761 γὰρ
918 680 954 741 τὰ
979 681 1050 762 ύγιῆ
1077 691 1130 760 τῆς

112 780 240 850 πίστεως
271 779 550 859 παραλαμβάνοντες
582 778 714 859 δόγματα
745 777 870 858 ζηλωταὶ
902 788 955 858 τῆς
986 778 1130 858 ἀληθείας
1157 802 1170 841 5

112 876 257 958 ἐγίνοντο.
296 875 326 949 ἐξ
349 868 392 937 ὧν
415 874 526 957 ὑπῆρχε
550 876 751 957 διαφερόντως
770 870 946 957 Ἀμβρόσιος
968 875 1045 959 ἀνὴρ
1067 878 1131 939 ἐπί-

111 993 211 1054 σημος
233 972 283 1033 καὶ
307 974 478 1055 φιλόλογος,
506 970 539 1047 ὃς
561 975 603 1048 εἰς
625 984 735 1055 γνῶσιν
758 983 811 1035 τού
834 972 943 1054 ἀνδρὸς
965 973 1130 1053 ἀφικέσθαι

114 1072 289 1145 σπουδάσας
307 1070 418 1151 ἀπέστη
436 1081 490 1152 τῆς
509 1071 708 1134 Οὐαλεντίνου
726 1071 776 1133 καί
790 1073 975 1154 Μαρκίωνος
992 1072 1129 1155 αἱρέσεως

111 1176 222 1253 πεῖραν
253 1179 306 1249 τῆς
337 1168 446 1232 ἐνθέου
478 1171 613 1243 παιδείας
640 1170 733 1231 αὐτοῦ
759 1167 911 1248 ἀρκοῦσαν
937 1171 1127 1249 κτησόμενος.

111 1274 245 1329 πλεῖστοι
268 1266 299 1329 δὲ
322 1267 372 1329 καί
394 1278 453 1329 τῶν
474 1268 586 1342 ἔξωθεν
604 1265 780 1346 φιλοσόφων
798 1267 872 1347 πρὸς
891 1267 982 1330 αύτὸν
1000 1278 1129 1346 φοιτῶν·
1143 1292 1169 1331 ιο

112 1389 162 1439 τες
185 1367 324 1446 μεγίστην
348 1364 397 1427 καί
419 1364 504 1429 αὐτοὶ
526 1364 600 1445 πρὸς
622 1364 658 1426 τὰ
681 1364 774 1425 οἰκεῖα
796 1364 960 1443 μαθήματα
977 1366 1032 1445 τὴν
1050 1364 1129 1445 ὠφέ-

112 1471 197 1527 λειαν
229 1463 420 1544 ἐκαρποῦντο.
472 1461 560 1544 μέγας
590 1461 646 1544 γὰρ
679 1461 728 1523 καὶ
755 1458 825 1543 παρ’
853 1463 954 1536 αὐτοῖς
983 1463 1129 1542 ἐνομίζετο

113 1561 301 1644 παραδιδούς
322 1562 499 1642 γεωμετρίαν
522 1559 572 1621 καὶ
595 1559 797 1641 ύριθμητιινὴυ
819 1559 870 1621 καὶ
892 1558 980 1623 τύλλα
1002 1583 1130 1643 προπαι-

113 1661 254 1738 δεύματα.
300 1660 402 1739 διόπερ
430 1658 486 1720 ούκ
513 1656 605 1739 ὀλίγοι
633 1668 692 1719 τῶν
719 1653 789 1739 παρ’
802 1654 925 1737 Ἕλλησι
954 1658 1129 1737 φιλοσόφων

113 1766 315 1837 μαρτυροῦσιν
342 1755 421 1840 αὐτῷ
446 1757 568 1835 μνήμην
595 1756 627 1818 ἐν
654 1763 716 1830 τοῖς
743 1757 831 1830 ἰδίοις
858 1758 1032 1835 ποιούμενοι
1057 1774 1129 1839 συγ-
1144 1780 1170 1819 τε

112 1856 283 1937 γράμμασιν
303 1852 343 1927 ὥς
361 1854 549 1915 διδασκάλου.
580 1853 630 1915 καί
648 1854 705 1935 γὰρ
722 1854 839 1933 εύφυὴς
857 1854 1005 1916 παιδόθεν
1017 1854 1131 1935 ύπῆργε

113 1952 234 2033 σφόδρα
257 1951 306 2013 καὶ
330 1952 481 2030 ζητητικὸς
504 1950 590 2033 ύγαν,
612 1940 636 2036 ᾧ
656 1951 689 2013 έν
707 1961 742 2037 τῇ
764 1954 888 2036 παιδικῇ
908 1949 1008 2036 ἡλικίᾳ
1025 1954 1058 2015 τὸ
1076 1962 1130 2032 τῆς

113 2051 202 2123 θείας
223 2059 342 2131 γραφῆς
365 2050 502 2129 βούλημα
524 2049 745 2134 πυνθανομένῳ
769 2048 809 2124 ὡς
831 2050 1000 2129 βαθύτερον
1024 2048 1045 2129 ἢ
1064 2050 1128 2111 δια-

112 2149 281 2227 νοούμενον
307 2146 481 2225 ἐπέπληττεν
504 2145 520 2208 ό
543 2148 639 2229 πατὴρ
668 2145 762 2226 μηδὲν
789 2146 862 2228 ὑπὲρ
886 2144 1005 2224 ἡλικίαν
1027 2169 1129 2229 περαι·

112 2245 187 2326 τέρω
210 2248 314 2324 ζητεῖν.
351 2246 467 2325 νύκτωρ
486 2243 517 2307 δέ
532 2244 650 2317 ἐπιστὰς
669 2246 786 2306 εύδοντι
804 2244 840 2305 τδι
857 2243 963 2323 στέρνα
982 2242 1022 2317 ὡς
1040 2246 1127 2306 θείου
1142 2270 1169 2308 το

188 2404 274 2451 1-13
289 2398 323 2465 of.
338 2398 438 2453 Euseb.
449 2398 521 2451 Hist.
537 2397 603 2451 eccl.
614 2397 660 2464 VI,
672 2402 713 2451 18.
729 2430 762 2437 —
779 2403 882 2452 14-16
896 2398 931 2465 cf.
946 2399 982 2453 ιθ,
994 2397 1040 2466 VI,
1050 2404 1091 2465 19,
1103 2406 1126 2452 1.

113 2502 148 2511 -
170 2476 274 2538 lss-p.
289 2475 381 2537 453‚2
400 2471 435 2523 ι’ό.
452 2468 498 2537 VI,
514 2474 539 2537 2,
554 2473 633 2539 9sqq.

187 2591 202 2639 6
223 2584 351 2653 ἐγένοντο
369 2584 464 2638 BMR.
484 2617 518 2625 -
538 2590 553 2636 9
573 2586 661 2639 αὐτοῦ
679 2582 811 2648 παιδείας
829 2584 849 2639 O
873 2586 960 2639 αὐτοῦ
978 2603 1029 2640 ονε.
1044 2586 1073 2639 F.
1093 2618 1127 2625 -

115 2662 148 2710 12
164 2654 323 2727 ἑγνωρίζετο
338 2656 396 2709 RV.
411 2688 446 2697 -
462 2663 494 2709 14
509 2655 673 2725 φιλοσόφων
686 2656 808 2710 APExc.
820 2656 855 2710 de
869 2658 930 2711 virt.
946 2657 1010 2711 Eus.
1030 2666 1127 2726 σοφῶν

112 2727 174 2781 rell.
190 2760 224 2768 —
240 2733 272 2781 15
291 2727 379 2781 αὐτὸν
393 2728 441 2780 AB
460 2728 553 2781 αύτῶυ
567 2726 597 2782 P.
613 2760 646 2767 -
668 2733 700 2781 17
714 2727 850 2796 ζητιτικδς
863 2728 936 2781 AFV
949 2729 1084 2797 ζηζιτικδς
1097 2729 1127 2781 Μ

112 2799 261 2869 ζηλωτικὸς
279 2799 395 2869 (-οτικὸς
409 2798 440 2867 O)
455 2797 506 2852 GR
529 2799 637 2866 ζητικδς
652 2799 676 2851 Ε
694 2806 719 2853 et
737 2799 759 2852 L
777 2801 809 2852 ι’νι
827 2817 879 2869 quo
898 2801 1040 2868 ζητητικὸς
1058 2817 1126 2854 σοιν.

111 2872 206 2925 τ’κοινί.
222 2888 278 2939 qua
295 2888 329 2923 υι.
350 2902 384 2909 -
404 2862 425 2943 ᾧ
443 2870 466 2923 Β
489 2870 526 2932 ὡς
541 2870 640 2923 Affiv
661 2869 692 2931 ὃς
710 2868 814 2923 CELN
823 2870 887 2923 Exe.
908 2902 943 2909 -
963 2875 995 2924 18
1014 2874 1128 2925 πυνθα-

111 2939 232 3068 Ξύμενος
245 2940 346 3065 ἔξω.
370 2938 588 3010 πυνθανόμενον
606 2942 636 2995 F.
661 2974 695 2981 -
719 2940 911 3010 διανοουμένω
930 2942 960 2996 B.
985 2974 1019 2981 -
1042 2948 1077 2995 20
1096 2939 1124 2995 δ’

126 3014 228 3076 πιστὰς
296 3056 301 3065 .

186 3126 200 3173 1
217 3120 266 3173 καί
280 3120 322 3181 είς
333 3119 403 3185 ἀλεξ.
415 3118 444 3172 Ρ.
456 3150 489 3159 -
504 3120 553 3173 καὶ
566 3118 697 3191 μεγίστην
711 3119 740 3173 Ρ.
753 3151 785 3159 -
801 3125 817 3172 9
832 3121 975 3187 ἀρκοῦσαν
989 3136 1040 3174 om,
1050 3120 1080 3174 P.
1091 3152 1125 3161 -

113 3197 148 3246 14
162 3188 295 3261 ὀλίγιστοι
308 3191 337 3243 Ρ.
353 3222 388 3231 -
404 3196 436 3244 15
451 3189 639 3259 συντάγμασιν
654 3191 683 3245 Ρ.
699 3223 734 3231 -
754 3195 858 3259 16-γ,
873 3196 965 3258 45³‚2
984 3194 1023 3245 ειί·
1041 3194 1073 3246 in
1090 3191 1125 3245 P:

109 3263 220 3333 ὑπῆρχε
239 3260 351 3330 σφόδρα
369 3262 417 3315 καλ
435 3262 571 3330 τοσαύτης
589 3259 736 3333 ἀγχινοίας
752 3256 787 3331 ἦν
807 3262 929 3329 έμπλεος,
948 3262 986 3325 ὡς
1003 3262 1053 3317 τδν
1071 3282 1126 3317 πα-

109 3332 179 3402 τέρα
198 3334 286 3388 αύτού
305 3333 508 3389 ἐκπαιδεύουτα
529 3334 616 3389 αὐτὸν
633 3333 670 3388 τὰ
683 3337 751 3388 θεῖα
767 3331 920 3402 μαθήματα
939 3333 1126 3401 ύτιερεκπλιίτ-

109 3409 227 3470 τεσθαι,
250 3405 406 3459 κάντεῦθεν
430 3403 504 3470 δρῶν
527 3405 613 3459 αὐτὸν
631 3406 721 3459 πολὺν
749 3404 779 3459 ἐν
801 3413 863 3465 ταῖς
886 3404 957 3459 κατὰ
975 3404 1025 3460 τδν
1042 3408 1132 3459 θετον

109 3476 196 3545 λόγον
218 3473 354 3543 θεωρίαις
375 3474 550 3546 τυγχάνοντα
572 3476 706 3539 πολλάκις
733 3475 847 3537 ἐπιστὰς
864 3476 940 3543 αύτῷ
954 3476 1127 3531 καθεύδοντι

109 3547 275 3618 ἀπεγύμνου
294 3546 325 3600 τὸ
344 3546 459 3614 στέρνον
478 3546 565 3599 αύτοῦ
585 3548 632 3601 καὶ
651 3544 805 3617 σεβασμίως
823 3544 966 3613 κατεφίλει
987 3548 1025 3608 ὡς
1043 3547 1126 3601 ἔνδον

110 3616 308 3688 ἀφιερωμέυου
326 3620 483 3687 πνεύματος
501 3613 592 3686 ἁγίου.
