2617 3909
192 245 259 310 450
502 244 689 297 οταοοιον
707 244 889 296 αοαετον

193 386 249 455 οὖν
277 394 482 475 παραληροῦσί
504 416 581 467 τινες
605 392 769 470 φάσκοντες
797 391 888 453 αὐτὸν
914 391 956 453 ἔτι
981 394 1036 477 ζῇν
1063 392 1096 453 ἕν
1121 392 1212 474 σαρκὶ

193 492 234 572 μὴ
257 502 397 564 νοοῦντες
424 490 495 571 μήτε
519 488 538 551 ἀ
561 488 678 573 λέγουσι
700 496 740 573 τῷ
759 486 823 551 ὄντι
846 489 917 568 μήτε
939 488 1006 570 περὶ
1029 491 1120 552 τίνων
1143 491 1214 551 δια-

192 593 393 673 βεβαιοῦνται,
416 590 539 651 οἴκοθεν
561 598 647 651 τοῦτο
671 587 722 649 καλ
744 587 800 649 οὐκ
822 587 855 649 έκ
877 611 968 649 τινων
990 589 1078 670 ίερῶυ
1101 588 1213 669 ἐξηγη-

192 698 251 750 τῶν
273 688 496 769 ῥιψοκινδύνως
518 710 547 748 τε
569 685 619 747 καλ
642 691 794 766 τολμηρῶς
817 684 910 759 ὅντως
931 686 1164 766 τερατευόμενοι.

167 889 178 929 ε
491 860 555 943 [ιδ’.
588 863 677 945 Περὶ
703 863 905 946 Τραϊανοῦ]

260 989 349 1051 Μετά
372 988 404 1051 δὲ
422 990 562 1070 Νεροάαν
585 989 753 1069 ἐβασίλευσε
774 988 918 1069 Τραῒοινὸς
941 988 990 1068 ἔτη
1013 986 1051 1049 θ’
1069 988 1121 1050 καὶ
1142 990 1213 1051 ὑδε-

192 1088 296 1170 ριάσας
327 1087 486 1150 ἀπέθανεν.
532 1087 611 1161 ὅστις
643 1085 759 1167 ἀγαθὸς
791 1086 843 1147 καί
872 1087 1075 1168 μισοπόνηρός
1101 1111 1132 1149 τε
1160 1087 1214 1149 καὶ

194 1188 379 1265 φιλοδίκαιος
408 1194 550 1247 τοσοῦτον
576 1184 722 1265 ὑπῆρχεν,
753 1183 826 1246 ὥστε
853 1185 1011 1266 γυμνώσας
1037 1183 1110 1247 ποτὲ
1137 1186 1213 1267 βομ-

94 1298 178 1340 33911.
194 1285 288 1363 φαίαν
311 1284 439 1347 ε’νώπιον
462 1293 520 1345 τῶν
544 1283 726 1364 μεγιστάνων
749 1281 875 1344 έπέδωκε
900 1288 939 1365 τῷ
958 1281 1074 1369 ἐπάρχω
1102 1282 1212 1365 λέγων·

154 1405 179 1445 ιο
194 1381 274 1456 δέξαι
296 1381 328 1444 τὸ
352 1384 439 1461 ξίφος
460 1389 561 1460 τοῦτο,
589 1378 640 1441 καί
667 1380 695 1441 εί
716 1377 770 1459 μέν
792 1386 888 1453 καλῶς
910 1379 1004 1461 ἀρχα,
1026 1378 1101 1461 ὑπὲρ
1125 1381 1213 1461 ἐμοῦ,

192 1482 220 1542 εἰ
247 1478 279 1542 δέ
307 1480 362 1559 μή,
391 1473 454 1540 κατ’
481 1478 554 1557 έμοῦ
582 1478 661 1562 αὐτῷ
686 1478 789 1562 γρήση.
835 1472 884 1557 ἐφ’
906 1471 943 1547 οῦ,
966 1477 1094 1557 Συμεὼν
1117 1477 1134 1539 δ
1156 1489 1213 1541 τοῦ

194 1582 307 1639 Κλωπᾶ
329 1575 379 1637 καλ
394 1571 534 1657 Ἰγνάτιος
557 1574 573 1637 ὁ
595 1576 748 1656 θεοφόρος
769 1575 985 1657 ἐμαρτύρησαν,
1008 1576 1058 1637 καί
1076 1580 1212 1639 Βασιλεί-

196 1676 251 1753 δης
273 1673 322 1735 καί
346 1672 527 1755 Μένανδρος
549 1673 598 1734 καὶ
617 1672 775 1754 Κήρινθος
797 1672 847 1734 καὶ
869 1676 1019 1748 Νικόλαος
1041 1672 1091 1735 καλ
1110 1667 1213 1755 Ἐβιο-

195 1778 279 1845 ναῑος
306 1773 337 1832 οί
361 1771 542 1853 αίρεσιάρχαι
569 1770 620 1831 καὶ
642 1770 745 1854 έχθρολ
767 1769 820 1851 τῆς
842 1770 986 1852 ἀληθείας
1009 1771 1212 1854 έγνωρίζοντο.

155 1972 181 2013 15
499 1941 558 2023 [ιε’.
591 1949 679 2031 Περὶ
700 1944 911 2031 Ἀδριανοῦ]

263 2074 350 2137 Μετὰ
374 2074 405 2137 δὲ
432 2076 579 2157 Τραϊανὸν
606 2075 793 2156 ἐβασίλευσεν
813 2070 968 2157 Ἀδριανὸς
990 2073 1006 2136 ὃ
1029 2073 1080 2136 καί
1104 2077 1214 2149 Αίλίας

96 2190 136 2229 ³4⁰
149 2186 180 2227 M·
197 2174 329 2256 γαμβρὸς
356 2173 450 2235 αὐτοῦ
478 2173 527 2254 έτη
555 2171 616 2254 κδ’,
645 2172 696 2234 καὶ
717 2172 875 2254 ῦδεριάσας
896 2171 1056 2234 ἀπέθανεν.
1102 2169 1152 2252 ἐφ’
1175 2168 1213 2235 οῦ

196 2273 415 2335 στασιασάντων
441 2281 501 2333 τῶν
521 2268 675 2334 Ἰουδαίων
702 2270 751 2331 καλ
775 2270 826 2333 τὸν
849 2271 882 2332 έν
899 2266 1113 2352 Ἱεροσολύμοις
1135 2274 1214 2334 ναὸν
1294 2291 1295 2346 1

197 2370 392 2449 οἰκοδομῆσαι
410 2368 631 2450 βουληθέντων,
650 2367 792 2451 ὀργίζεται
809 2364 874 2429 κατ’
891 2369 989 2431 αὐτῶν
1002 2368 1129 2449 σφόδρα.
1160 2369 1213 2431 καί

158 2489 184 2528 ιο
198 2465 327 2545 πολέμου
355 2464 515 2547 γενομένου
544 2466 651 2546 μεταξὺ
674 2465 788 2529 ἀνεῖλεν
811 2466 840 2540 ἐξ
864 2467 963 2528 αὐτῶν
985 2465 1018 2527 έν
1040 2463 1135 2551 ἡμέρᾳ
1157 2475 1213 2553 μιᾷ

199 2565 345 2646 μυριάδας
367 2561 431 2644 νη’,
458 2563 508 2625 καί
535 2563 647 2643 τὰμὲν
669 2563 780 2625 παλαιὰ
803 2566 929 2642 λείψανα
951 2574 1004 2645 τῆς
1026 2564 1139 2638 πόλεως
1161 2566 1213 2627 καί

271 2732 286 2779 ε
304 2726 324 2779 1.
340 2726 461 2779 Timoth.
482 2732 512 2795 1,
527 2732 550 2779 τ.
571 2759 604 2768 -
624 2717 711 2781 ε’-ιι
730 2729 765 2796 cs.
784 2726 840 2781 Leo
859 2726 982 2780 Gramm.
997 2744 1026 2795 γ.
1046 2731 1094 2794 οι,
1114 2733 1156 2781 ιο.
1178 2760 1212 2767 -
1293 2773 1294 2778 ,

201 2804 304 2852 11-14
323 2798 358 2863 cf.
374 2798 409 2851 ib.
421 2814 450 2865 μ.
466 2802 508 2863 68,
520 2802 544 2852 5.
565 2830 597 2839 -
618 2804 725 2868 17-μ.
741 2803 802 2865 461,
817 2804 833 2852 5
852 2800 886 2865 cf.
904 2799 939 2852 ib.
951 2816 981 2867 μ.
997 2803 1096 2865 68,17.
1293 2793 1294 2804 ’

273 2929 286 2976 1
311 2918 362 2977 οῦν
385 2938 435 2977 ουτ,
455 2920 475 2976 C
493 2939 527 2977 ω.
543 2928 559 2976 1
577 2939 631 2992 εμν.
646 2940 712 2977 νινε.
729 2923 796 2978 add.
809 2923 842 2976 ι’νι
859 2922 889 2975 P.
910 2954 943 2962 -
963 2928 978 2976 6
998 2930 1118 2988 νεροῦαν
1137 2922 1214 2977 LNV

200 2996 305 3119 ημὲβὶῦιμ
322 2992 413 3118 RM—
434 2997 457 3116 l9l
472 2992 583 3119 έτιάρέῳ
600 2993 777 3119 Βέίξξβοεο
800 2992 996 3118 δπάργρᾍέεἰλλ.
1020 3024 1056 3118 -ί
1080 2999 1127 3118 11c
1137 2994 1213 3085 abtffi

202 3152 248 3190 ι..
266 3080 467 3190 εοῗτέελῖεοί
480 3082 677 3190 amm
690 3136 713 3189 E
727 3064 968 3191 ’.ἀπέβλεπε
982 3081 1213 3191 ίδελίιιιλράἶ
1292 3189 1293 3200 x

201 3239 236 3247 -
249 3204 393 3278 βασιλίδης
407 3211 456 3277 (-ις
469 3208 503 3276 Α)
518 3207 685 3261 AOLMRV.
702 3239 733 3247 —
750 3214 783 3261 14
802 3205 981 3278 έγυωρίζοντο
999 3224 1027 3261 v:
1040 3212 1072 3260 13
1083 3214 1150 3276 post
1164 3208 1214 3275 τιή·
1292 3215 1293 3224 ’

202 3282 302 3347 ρινθος
319 3280 416 3333 inserit
432 3276 467 3332 N.
482 3310 517 3318 -
537 3285 569 3334 16
584 3276 677 3342 αἰλίας
690 3277 754 3347 (αλλ.
769 3280 804 3349 Α)
818 3278 977 3332 ΑΟΕΙιΜΡ
995 3275 1085 3340 αλλιος
1097 3278 1159 3334 relL
1179 3313 1213 3320 —
1292 3335 1293 3344 ,

203 3355 237 3403 18
256 3358 311 3404 τῶν
334 3346 470 3404 ίουδαίων
488 3349 562 3404 ALV
571 3350 603 3419 (P
616 3352 650 3417 cf.
667 3351 754 3419 infra)
778 3359 832 3405 τῶν
851 3366 901 3405 om.
915 3348 975 3404 rell.
1000 3382 1033 3390 -
1058 3354 1143 3405 20.21
1163 3371 1215 3420 μυ·
1292 3353 1293 3392 ί

203 3420 303 3489 ριάδας
321 3420 368 3490 νη’
389 3420 419 3475 έν
437 3419 526 3496 ἡμέρᾳ
545 3425 594 3497 μιρλ
614 3420 633 3475 O
658 3421 688 3475 ἐν
707 3419 796 3496 ἡμέρᾳ
814 3425 864 3496 μιᾷ
883 3438 932 3475 om.
948 3421 978 3475 B.

274 3560 308 3607 14
326 3555 374 3608 καί
393 3554 494 3625 ἐχθροί
511 3561 560 3622 τῆς
578 3551 714 3624 ἀληθείας
731 3571 782 3608 om.
801 3553 831 3609 P.
855 3586 889 3594 -
914 3560 946 3609 18
966 3554 1167 3619 στασιάσαντες
1187 3558 1216 3612 οἱ

202 3626 326 3680 ίουδαῑοι
344 3626 392 3680 καλ
403 3658 436 3666 -
447 3624 633 3696 βουληθέντες
641 3625 680 3678 «P.
