2617 3909
168 223 234 288 596
482 224 669 277 mmor
686 225 870 276 ειοεεειεοκ

168 372 223 455 χρὴ
246 372 298 434 τὸν
323 371 465 453 μέλλοντα
486 382 614 453 χειμῶνα
638 381 781 434 τοσούτου
803 370 942 447 ἀνθέξειν
969 371 1020 434 καὶ
1042 373 1187 452 τοιαύτην

71 484 156 526 49211.
170 471 261 550 ζάλην
287 469 338 531 καί
360 478 488 531 τοσαῦτα
509 470 625 548 κύματα
651 468 727 550 πρδς
748 469 780 531 τὸ
803 468 943 552 γενέσθαι
969 476 1031 544 τοῖς
1053 481 1126 532 πᾶσι
1148 471 1187 533 τὰ

167 567 275 648 πάντα,
297 569 348 629 ἵνα
369 568 482 640 πάντας
504 566 642 651 κερδήση.
686 567 736 629 καί
757 568 814 651 γὰρ
832 568 941 648 σεμνόν
963 562 1040 629 εἶναι
1062 569 1113 630 δεῖ
1131 569 1185 632 τδν

167 676 302 729 τοιοῦτον
329 663 379 726 καί
402 662 520 745 ἀτοφον
546 665 596 726 καί
619 665 750 746 φοβερόν
772 664 823 727 καί
844 675 981 747 προσηνῆ
1004 664 1055 727 καί
1076 664 1186 746 ἀρχον-

141 763 249 829 ετικδν
276 761 326 824 καί
352 763 530 825 κοινωνικὸν
551 761 601 824 καί
624 761 785 825 ἀδέκαστον
812 763 862 826 καί
888 762 1106 846 θεραπευτικὸν
1133 762 1187 825 καί
1308 836 1309 841 ¹

168 860 307 924 ταπεινὸν
327 860 378 923 καί
395 858 565 924 ἀδούλωτον
587 860 637 923 καὶ
658 860 787 943 φαιδρὸν
809 860 860 923 καί
875 861 998 943 ἥμερον,
1020 861 1071 921 ἴνα
1092 869 1187 922 ταῦτα

166 959 294 1031 εύκόλοις
321 959 468 1039 μάχεσθαι
495 958 628 1021 δύναται.
674 959 787 1022 ούκοῶν
813 960 864 1021 δεῖ
887 958 940 1021 τὸν
966 959 1104 1041 ἐνάρετον
1132 958 1184 1020 καί

166 1055 312 1138 ἐχέφρονα
334 1056 457 1139 φεύγειν
480 1057 513 1120 ιδ
530 1057 702 1119 κολακεύειν
724 1056 774 1119 καὶ
795 1057 1018 1137 κολακεύεσθαι,
1040 1055 1091 1118 καί
1109 1057 1184 1136 μήτε

167 1153 341 1229 ἀλαζονικὸν
363 1150 440 1217 εἶναι
466 1156 538 1236 μήτε
564 1155 689 1236 κόλακα,
717 1149 780 1217 ἀλλ’
800 1153 977 1236 ἀμφοτέρων
998 1164 1059 1216 τῶν
1080 1164 1184 1217 κακῶν

126 1277 152 1317 το
166 1253 279 1315 τούτων
300 1253 433 1328 κολάζειν
456 1254 511 1334 τὴν
529 1252 679 1335 ἀμετρίαν,
701 1252 751 1314 καί
769 1252 928 1335 ἐλεύθερον
950 1246 1027 1314 εἶναι
1048 1252 1121 1333 μήτε
1139 1254 1183 1327 είς

165 1350 334 1414 αὐθάδειαν
348 1350 547 1415 ἀποκλίνοντα
565 1352 636 1432 μήτε
651 1352 695 1425 εἰς
708 1348 940 1433 δουλοπρέπειαν
953 1352 1182 1412 καταπίπτοντα.

165 1449 240 1533 πρὸς
258 1448 313 1529 μὲν
325 1449 381 1532 γὰρ
399 1450 544 1532 χρηστούς
561 1449 700 1512 ταπεινόν
717 1448 860 1531 ’ὑπάρχειν
877 1448 944 1530 χρή,
962 1448 1036 1530 πρὸς
1055 1446 1087 1510 δὲ
1106 1455 1182 1529 θρα·

165 1552 225 1620 σεῖς
251 1546 380 1626 ὑψηλόν.
425 1548 542 1629 ἐπείπερ
570 1549 602 1610 οί
626 1545 680 1626 μὲν
707 1546 814 1629 ἀρετὴν
844 1540 921 1608 είναι
949 1546 1005 1628 τὴν
1034 1545 1183 1608 ἐπείκειαν

164 1640 318 1724 ἡγοῦνται,
344 1646 376 1706 οί
396 1643 428 1707 δὲ
451 1643 591 1727 ἀνδρείαν
613 1643 669 1723 τὴν
691 1645 878 1728 θρασύτητα,
901 1644 1025 1718 ἐκείνοις
1047 1642 1101 1723 μὲν
1123 1644 1182 1724 τὴν

126 1765 151 1806 ιο
164 1742 445 1822 ταπεινοφροσύνην
467 1740 537 1805 δέον
558 1740 748 1824 προσφέρειν,
771 1742 886 1815 τούτοις
908 1740 941 1803 δὲ
963 1740 1019 1821 τὴν
1038 1739 1182 1824 ἀνδρείαν

164 1839 370 1918 σβεννύουσαν
396 1839 495 1901 αὐτῶν
527 1840 583 1920 τὴν
609 1838 670 1901 ἀπδ
696 1850 750 1920 τῆς
775 1839 962 1924 θρασύτητος
991 1839 1098 1920 δόξαν,
1130 1840 1183 1901 ἵνα

164 1936 234 2011 τοὺς
256 1935 310 2017 μὲν
333 1934 484 2023 ἀφελήση,
507 1947 566 1999 τῶν
589 1936 621 2001 δὲ
643 1938 810 2023 ταπεινάση
832 1938 865 2000 τὸ
888 1938 1038 2019 φρόνημα.

223 2029 315 2117 Ὅπερ
333 2028 389 2098 ούν
409 2035 459 2098 καί
477 2035 494 2099 ό
513 2035 602 2119 μέγας
619 2038 772 2110 Βασίλειος
794 2038 894 2116 δηλῶν
911 2035 983 2115 ἔφη·
1007 2044 1060 2097 τοῦ
1077 2051 1183 2114 σοφα-

163 2134 252 2195 τάτον
278 2138 475 2213 Σολομῶντος
506 2133 671 2214 φήσαντος·
703 2135 806 2217 καιρὸς
837 2140 877 2219 τῷ
899 2132 989 2194 παντί
1020 2133 1182 2215 πράγματι,

124 2254 150 2294 ιο
164 2229 274 2293 εἰδέναι
295 2232 350 2314 χρὴ
375 2232 419 2293 ότι
445 2230 495 2294 καὶ
517 2231 724 2311 ταπεινότητος
751 2230 802 2293 καί
827 2230 962 2305 ἔξουσίας
989 2229 1040 2292 καί
1062 2230 1182 2312 ἐλέγχον

162 2328 213 2390 καί
240 2329 449 2411 παρακλήσεως
478 2327 529 2391 καί
556 2331 681 2409 φειδοῦς
709 2328 760 2390 καὶ
785 2330 951 2410 παρρησίας
980 2327 1030 2389 καί
1056 2330 1182 2411 χρηστό-

163 2448 249 2505 τητος
267 2425 317 2487 καί
330 2424 493 2507 ἀποτομίας
509 2427 559 2489 καί
573 2426 752 2502 ἁπαξαπλῶς
769 2426 880 2500 παντὸς
893 2426 1063 2508 πράγματος
1075 2428 1183 2510 καιρός

163 2521 241 2584 ἐστιν
269 2524 359 2604 ἴδιος,
386 2523 459 2586 ὥστε
486 2522 556 2587 ποτὲ
583 2522 637 2604 μὲν
664 2524 700 2586 τά
726 2534 779 2606 τῆς
801 2524 1008 2605 ταπεινότητος
1030 2524 1180 2586 δεικνύειν

162 2619 214 2681 καί
236 2626 391 2699 μιμεῖσθαι
418 2621 451 2683 ἐν
469 2623 641 2685 ταπεινώσει
663 2622 699 2684 τὰ
720 2624 826 2686 παιδία
851 2621 926 2685 κατά
952 2622 1007 2702 τὴν
1030 2621 1179 2704 καριακὴν

234 2808 250 2855 ι
271 2780 294 2855 1.
306 2801 365 2857 σοι.
381 2808 406 2870 ο,
421 2808 463 2857 τε.
482 2834 515 2843 -
535 2808 621 2857 8-11
641 2802 1061 2871 Isidor.Pelus.Epp.111,379
1079 2779 1178 2873 Migne

162 2872 239 2928 Tom.
256 2879 299 2941 78,
309 2879 387 2929 1025.
403 2906 437 2915 —
452 2880 557 2944 18-1).
571 2880 658 2943 697,6
672 2875 757 2930 Βεείλ.
771 2873 887 2944 regulae
900 2873 1011 2929 brevius
1025 2875 1107 2928 tract.
1125 2881 1177 2929 113

162 2944 258 3016 Migne
276 2946 354 3001 Tom.
371 2951 413 3015 τι,
429 2950 497 3001 τιτι
509 2945 537 3003 0.
557 2978 591 2988 -
610 2951 644 3000 ιο
664 2946 739 3001 Εοοι.
755 2951 780 3014 ε,
796 2951 819 2999 1.

236 3103 249 3151 1
270 3099 339 3166 πρὸς
352 3107 475 3171 χειμῶνα
489 3095 568 3167 (-όνα
581 3098 613 3169 F)
628 3096 737 3151 FSuid.
748 3095 810 3151 chr.
826 3128 860 3137 -
879 3101 895 3150 8
913 3097 946 3151 τδ
962 3097 1125 3152 κολακεύειν
1143 3097 1176 3153 τό

163 3169 402 3225 κολακεύεσθαιῦ
426 3169 467 3240 (τὸ
487 3171 543 3224 κολ,
560 3169 609 3224 καί
626 3169 659 3224 τὸ
677 3170 734 3222 κοί.
749 3168 790 3237 Ρ).
810 3199 843 3208 -
864 3173 896 3222 17
916 3165 1052 3237 ὠφελήσει
1070 3167 1176 3238 (όφθ)

162 3238 267 3373 226}
274 3241 446 3365 ὅῖπὲηιέισει
461 3240 601 3295 ABGDF.
618 3272 651 3281 -
669 3245 702 3294 18
717 3235 781 3310 οὖν]
800 3240 836 3309 δὴ
848 3239 872 3293 Β
885 3255 937 3295 om.
952 3239 982 3292 F.
998 3270 1032 3279 -
1050 3246 1084 3293 22
1099 3239 1177 3305 ἅπαξ

236 3465 269 3513 10
287 3459 439 3525 κολάζοντα
457 3461 509 3530 τὴν
528 3456 663 3530 ἀμετρίαν
682 3460 843 3531 ἐλευθέριον
865 3461 1002 3534 ὑπάρχειν
1025 3457 1111 3533 (εἶναι
1127 3461 1175 3530 Ιε.)

160 3530 313 3673 {mm-w}
329 3537 362 3657 ἐξ
380 3530 529 3656 ρλπάργειν]
544 3527 618 3585 εἶναι
631 3531 662 3584 P.
677 3563 711 3572 —
731 3538 763 3587 1⁷
779 3535 846 3589 Post
859 3531 991 3604 φρόνημα
1009 3534 1069 3587 αλια
1086 3534 1177 3588 multa
