2617 3909
516 257 706 309 XPONIKON
1050 256 1116 320 409

100 406 136 467 ε’ν
160 411 198 488 τῷ
218 404 334 484 ἰσχῦσαι
357 402 448 464 αὐτὸν
467 405 624 486 συνετρίβη
643 405 676 467 τὸ
694 404 781 486 κέρας
798 404 831 466 τὸ
850 402 933 487 μέγα,
955 404 1005 466 καὶ
1023 403 1116 486 ἀνέβη

98 502 208 584 κέρατα
231 503 249 563 δ
254 500 263 521 ’
285 501 482 564 ὑποκάτωθεν
500 502 593 563 αὐτοῦ
612 502 654 577 είς
672 503 742 577 τοὺς
760 501 791 565 δ’
810 502 938 583 ἀνέμους
955 512 1009 565 τοῦ
1027 503 1117 585 οῦρα-

100 610 166 662 νοῦ.
211 599 352 661 ἐντεῦθεν
379 601 484 663 λοιπὸν
511 599 559 661 ἐπὶ
586 601 640 680 τήν
661 595 811 681 Ἀντιόχου
839 602 991 682 βασιλείαν
1019 600 1117 663 έλθδον

101 698 153 760 καὶ
176 698 304 778 δεικνύς,
329 698 373 758 ότι
395 697 425 771 έξ
448 696 514 773 ένὸς
536 697 658 760 ἐκείνων
675 708 735 759 τῶν
752 699 899 781 τεσσάρων
917 699 1005 780 ἐστίν,
1028 700 1117 761 πάλιν

96 796 209 875 φησίν·
242 794 293 857 καὶ
320 794 445 876 ἐξῆλθεν
473 795 505 858 ἐκ
532 806 584 858 τοῦ
612 795 678 869 ένδς
706 796 826 879 ἰσχυρὸν
853 796 903 858 καλ
928 796 1116 880 ἕμεγαλῦνθη
1144 818 1157 859 5

7 950 20 957 κ
96 904 246 977 περισσῶς
264 894 338 977 πρὸς
357 894 445 957 νότον
463 892 605 976 καὶπρὸς
623 892 779 973 ἀνατολήν.
820 894 870 956 καλ
889 896 1053 976 σημαίνων,
1072 896 1117 956 ότι

94 992 156 1072 τήν
186 988 354 1071 Ἰουδαϊκήν
386 993 534 1053 πολιτείαν
566 998 700 1071 καθελεῖ,
733 994 851 1070 φάσκει·
882 992 932 1053 καλ
960 987 1000 1054 δι’
1025 994 1117 1056 αὐτὸν

96 1091 196 1151 θυσία
219 1089 366 1170 ἐταράχθη
389 1090 612 1171 παραπτώματι,
634 1088 685 1151 καὶ
705 1089 836 1171 ἐγενήθη
854 1090 904 1152 καὶ
921 1092 1115 1170 κατευοδόθη

94 1188 198 1271 -αῦτῷ,
228 1186 278 1249 καὶ
305 1186 337 1247 τὸ
361 1188 447 1269 άγιον
469 1186 708 1269 ἐρημωθήσεται,
735 1188 786 1250 καὶ
809 1190 970 1268 δοθήσεται
991 1188 1040 1251 έπλ
1062 1188 1116 1268 τὴν

98 1287 215 1347 θυσίαν
242 1283 375 1367 ἁμαρτία.
422 1294 475 1346 τοῦ
501 1284 558 1367 γὰρ
584 1288 689 1366 βωμοῦ
710 1286 958 1369 καθαιρεθέντος,
986 1286 1036 1347 καλ
1058 1296 1117 1347 τῶν
1130 1309 1156 1349 ιο

99 1382 196 1466 ἁγίων
218 1381 502 1463 καταπατηθέντων,
532 1382 656 1444 εἴδωλον
682 1383 802 1463 έστησεν
824 1384 912 1446 ένδον
934 1384 985 1445 καλ
1006 1385 1117 1456 θυσίας

92 1480 225 1545 ἐπετέλει
246 1486 308 1555 τοῖς
331 1480 450 1559 δαίμοσι
473 1480 672 1560 παρανόμους.
719 1481 793 1543 ὅθεν
812 1484 918 1562 φησίν·
941 1481 991 1544 καί
1009 1481 1115 1563 ἐρρίφη

97 1578 192 1661 χαμαὶ
213 1576 233 1657 ή
258 1578 444 1657 δικαιοσύνη,
467 1577 516 1639 καὶ
540 1578 659 1658 έποίησε
682 1578 732 1640 καὶ
750 1580 898 1660 εῦοδάθη.
943 1576 1005 1642 εἶτα
1027 1580 1116 1641 πάλιν

97 1678 134 1739 έκ
158 1674 296 1759 δευτέρου
319 1675 373 1755 τήν
396 1675 491 1755 αὐτήν
513 1677 664 1757 βασιλείαν
684 1671 835 1759 Ἀντιόχου
857 1687 910 1740 τοῦ
930 1674 1116 1757 Ἐπιφανοῦς

98 1774 193 1857 λέγων
220 1773 270 1836 καλ
297 1774 352 1853 τήν
379 1774 581 1854 αἰχμαλωσίαν
608 1774 659 1835 καλ
685 1776 741 1856 τήν
768 1777 877 1838 όίλωσιν
899 1776 950 1838 καλ
971 1777 1026 1856 τήν
1049 1776 1117 1859 έρή-
1130 1798 1155 1838 τε

100 1890 197 1953 μωσιν
220 1882 272 1933 τοῦ
296 1872 376 1954 ίεροῦ
394 1872 573 1953 προστίθησι
590 1871 640 1933 καλ
658 1872 710 1933 τὸν
728 1873 844 1956 χρόνον.
880 1873 1042 1956 ἀρξάμενος
1060 1873 1116 1957 γάρ

93 1970 160 2032 άπὸ
184 1979 236 2050 τῆς
255 1965 448 2053 Ἀλεξάνδρου
472 1971 620 2050 βασιλείας
643 1963 736 2045 αὖθις
758 1972 832 2055 πρὸς
849 1979 889 2058 τῷ
907 1971 981 2034 τέλει
998 1982 1051 2034 τοῦ
1070 1975 1116 2053 βι-

97 2070 187 2149 βλίου
214 2067 263 2129 καὶ
290 2067 325 2127 τὰ
353 2067 460 2147 μεταξὺ
487 2068 583 2129 πάντα
611 2069 843 2151 διηγησάμενος,
871 2070 926 2130 ὅσα
954 2070 986 2131 οἱ
1006 2074 1116 2131 Πτολε-

98 2172 184 2245 μαῖοι
211 2165 261 2226 καλ
286 2167 318 2227 οἷ
338 2165 479 2228 Σέλευκοι
506 2164 700 2248 συρραγέντες
722 2165 858 2245 ἀλλήλους
880 2166 1038 2248 ἐποίησαν,
1066 2166 1115 2227 καὶ

97 2265 133 2325 οἱ
158 2263 313 2345 στρατηγοὶ
339 2264 453 2325 τούτων
479 2265 666 2347 εἰργάσαντο,
696 2264 766 2337 τοῦς
794 2264 915 2344 δόλους,
942 2264 993 2339 τὰς
1019 2266 1114 2344 νίκας,
1128 2286 1155 2326 εο
1169 2288 1207 2327 οοτ
1222 2287 1252 2325 οε.

97 2362 153 2433 τὰς
181 2362 330 2443 στρατιάς,
357 2362 409 2435 τὰς
435 2363 615 2442 ναυμαχίας,
643 2360 695 2433 τὰς
722 2364 911 2443 πεζομαχίας,
939 2362 1052 2444 προϊὼν
1073 2363 1116 2436 είς

88 2453 248 2538 Ἀντίοχον
270 2463 387 2543 τελευτᾷ
405 2459 495 2520 πάλιν
513 2461 566 2520 καί
585 2476 692 2539 φησιν·
716 2462 869 2542 βραχίονες
886 2461 916 2534 έξ
935 2460 1028 2523 αῦτοῦ
1047 2462 1115 2540 στή-

97 2575 203 2618 σονται
229 2554 279 2617 καὶ
306 2557 509 2636 βεβηλάσουσι
535 2558 567 2620 τὸ
596 2556 725 2639 άγίασμα
751 2557 802 2619 καλ
830 2558 1041 2638 μεταστήσουσι
1063 2559 1115 2620 τὸν

94 2652 311 2734 ἐνδελεχισμόν,
331 2648 395 2737 (τὰς
414 2656 560 2734 συνήθεις
578 2654 671 2737 λέγων
690 2658 800 2731 θυσίας
818 2655 868 2717 καλ
886 2650 1115 2738 καθημερινάς),

97 2750 151 2813 καὶ
179 2751 326 2813 δώσουσιν
354 2752 397 2826 εἰς
424 2752 515 2815 αῦτδν
545 2752 711 2835 βδέλυγμα,
747 2753 797 2815 καὶ
828 2754 898 2827 τοὺς
929 2753 1114 2833 άνομοῦντας
1128 2775 1154 2816 εο

97 2850 255 2929 διαθήκην
284 2843 376 2931 (τοῦτ’
402 2850 462 2912 έστι
493 2851 563 2925 τοῦς
595 2852 836 2934 παραβαίνοντας
863 2861 922 2913 τῶν
945 2845 1113 2933 Ἰουδαίων)

97 2946 266 3020 ἀπάξουσιν
293 2947 326 3009 έν
357 2945 536 3027 όλισθήμασι
564 2944 633 3028 μεθ’
655 2949 769 3011 έαυτῦν
796 2947 846 3010 καλ
874 2949 1114 3029 μεταστήσουσιν,

173 3126 277 3182 5Dan.
298 3133 327 3195 8,
348 3132 372 3182 9.
396 3160 429 3169 -
455 3128 559 3183 7Dan.
580 3134 609 3197 8,
630 3135 738 3196 11312.
764 3162 797 3169 -
822 3135 855 3182 12
878 3129 949 3183 Dan.
969 3134 1055 3194 8,12.
1080 3162 1114 3170 -

98 3204 134 3252 22
154 3196 224 3253 Dan.
241 3204 282 3265 11,
298 3204 330 3253 31
341 3217 395 3269 sqq.

173 3355 188 3404 6
211 3349 282 3415 πρὸς
308 3359 398 3405 νῶτον
425 3360 560 3416 περισσῶς
582 3351 616 3405 N.
651 3384 683 3391 —
718 3358 732 3424 fl
757 3348 796 3407 δι’
818 3352 912 3405 αὐτῶν
940 3350 1048 3405 ABFV.
1081 3384 1115 3392 -

98 3428 114 3477 8
135 3422 325 3491 κατευωδόοθη
344 3421 394 3474 ΕΙι
414 3429 439 3477 et
456 3420 480 3474 D
499 3441 532 3477 m.
550 3427 576 3477 2.
596 3454 629 3463 -
656 3430 688 3477 13
709 3424 844 3493 εὐωδόεθη
863 3422 921 3475 ΕΜ
944 3421 1114 3491 εόωδόθηΙι

99 3494 250 3560 εῦοδάθην
263 3492 297 3547 V.
313 3524 346 3532 —
367 3498 399 3547 18
418 3492 454 3547 τά
467 3511 517 3549 om.
533 3494 595 3547 BN.
611 3526 645 3534 -
665 3499 699 3547 20
718 3494 837 3555 δοῦλους
850 3493 912 3546 BN.
930 3524 962 3533 -
982 3498 1014 3546 21
1033 3511 1114 3560 στρα-

98 3564 216 3629 τειάςΡ
240 3562 384 3631 στρατείας
401 3564 495 3620 EOhr.
521 3561 686 3633 στρατίαςῦ
705 3564 870 3634 στρατηγίας
888 3564 917 3617 F.
941 3595 970 3603 —
991 3570 1024 3616 27
1044 3564 1115 3616 άπο-

97 3634 231 3701 τάξουσιν
249 3636 274 3688 Α
298 3635 470 3701 ἀσπάζουσιν
489 3636 518 3689 P.
