2617 3909
107 284 110 290 .
198 245 264 312 478
512 247 699 328 υωοευιοο
716 249 899 301 mmor

265 396 325 458 Καὶ
353 397 430 478 γυνή
456 420 499 471 τις
521 395 599 478 γένει
621 395 671 458 καὶ
694 397 810 482 πλοότω
833 395 884 458 καὶ
903 394 1020 483 συνέσει
1042 396 1094 459 καί
1116 399 1218 459 κάλλει

199 496 332 575 σώματος
360 494 416 556 σὺν
446 494 515 556 δυσὶ
537 495 704 578 θυγατράσι
726 493 892 577 παρθένοις
913 494 985 574 μετὰ
1007 494 1117 569 πολλάς
1138 495 1219 557 ἀπα

199 589 299 674 φυγάς
326 587 551 673 κατασχεθεῖσαι
578 592 665 677 φόβῳ
688 602 742 654 τοῦ
765 593 805 673 μὴ
830 594 1039 674 διαφθαρῆναι
1060 594 1117 673 τὴν
1139 615 1219 676 παρ-

100 711 140 751 εω
153 709 184 749 τι.
198 693 306 752 θενίαν
325 691 427 759 αὐτῶν
450 689 493 763 εἰς
514 691 547 752 τὸ
569 692 693 773 ῥεῖθρον
714 700 768 752 τοῦ
791 700 926 770 ποταμοῦ
948 689 1055 764 ἕαυτάς
1077 691 1218 773 ἔρριψαν.

169 787 265 869 ’.ιπερὶ
288 780 330 850 ὧν
354 788 493 866 ζητητέον
514 789 542 850 εἰ
562 787 763 870 ἀριθμοῦνται
784 789 827 862 είς
850 789 1008 871 μάρτυρας.
1098 808 1100 811 ·

265 885 326 947 Καί
356 885 437 968 ἕτέρα
465 885 496 949 δὲ
523 889 613 949 πάλιν
641 888 705 967 ίερά
731 910 775 960 τις
802 887 852 948 καί
879 890 1034 966 θαυμασία
1060 887 1140 969 γυνὴ
1163 887 1218 948 τόν
1253 953 1256 956 ,

124 1053 134 1080 ·
199 986 266 1066 βίον
289 983 486 1065 ἀειπάρθενος
510 983 559 1046 καί
582 983 677 1066 ἀραία
699 984 780 1048 πάνυ
804 991 994 1068 συσχεθεῖσα,
1019 985 1070 1047 καί
1092 990 1218 1058 πολλαῖς

200 1087 345 1163 μηχαναῖς
377 1088 471 1144 θῦσαι
502 1093 561 1144 τῶν
593 1083 748 1163 τυράννων
780 1082 875 1162 αὐτὴν
902 1081 1142 1165 ἀναγκαζόντων,
1174 1107 1217 1163 μη

199 1178 378 1260 ηττηθεῖσαν
405 1198 586 1264 προσαν
482 1179 586 1256 έανταξ
614 1180 779 1261 ἕκθοθηναι
805 1182 965 1265 στρατιάτη
993 1180 1068 1262 πρὸς
1090 1179 1218 1264 αἰσχράν

160 1305 185 1345 το
200 1280 294 1360 μίξιν,
322 1278 372 1340 καὶ
400 1273 471 1359 μηδ’
495 1279 590 1353 οὕτως
617 1277 802 1359 πειθομένην
824 1278 1046 1360 ἀποβάλλεσθαι
1068 1265 1216 1362 κεφαλικη

94 1371 95 1375 ’
199 1379 330 1462 τιμωρίη.
376 1377 426 1438 καί
449 1383 695 1460 περιστατηθεῖσα
718 1378 784 1438 λίαν
807 1377 898 1440 ἐδεῖτο
921 1386 975 1438 τοῦ
990 1372 1139 1457 Ἀνθίμου
1156 1380 1216 1438 Νι-

198 1476 359 1555 κομηόείας
387 1475 475 1554 μήπω
503 1472 708 1548 τελειωθέντος
733 1474 782 1536 διὰ
810 1477 972 1558 μαρτυρίου
995 1477 1217 1556 συμβουλεῦσαι

199 1574 274 1658 αὐτῇ
298 1575 327 1634 τί
348 1571 385 1633 ἀν
408 1574 568 1656 αῖρήσοιτο.
615 1570 631 1634 ὁ
655 1571 687 1634 δὲ
710 1573 834 1654 χρηστός
852 1572 944 1645 ὅντως
964 1571 1041 1655 ἀνὴρ
1064 1571 1115 1634 καί
1134 1573 1216 1634 οἶκο-

199 1670 291 1750 νόμος
317 1670 367 1731 καί
398 1671 500 1744 πιστὸς
527 1671 559 1733 έν
587 1672 682 1752 κρίσει
708 1670 743 1730 τὰ
769 1672 854 1752 λόγια
876 1672 982 1753 κυρίου
1005 1671 1216 1750 ταμιευόμενός

160 1794 185 1834 ιο
200 1784 306 1848 φησιν’
334 1769 425 1831 καλὸν
449 1767 512 1850 μέν,
536 1762 559 1830 ὦ
583 1767 698 1848 τέκνον,
721 1767 771 1830 καί
792 1767 957 1850 θεοπρεπὲς
978 1768 1011 1830 τὸ
1034 1768 1216 1851 κατόρθωμα

199 1875 252 1945 τῆς
275 1864 402 1948 ἁγνείας,
426 1868 531 1946 μείζων
555 1864 586 1928 δὲ
612 1863 631 1946 ἡ
658 1875 711 1946 τῆς
732 1867 856 1940 πίστεως
878 1866 981 1946 ἐντολὴ
1004 1865 1112 1950 κρηπίς
1141 1858 1217 1928 οὖσα

199 1974 258 2026 τῶν
272 1969 371 2026 καλῶν
386 1974 439 2045 τῆς
455 1965 611 2046 εὐσεβείας.
648 1965 689 2045 μὴ
708 1956 765 2026 οὖν
783 1965 946 2085 προκρίνης
963 1974 1023 2025 τῶν
1040 1964 1215 2048 κρειττόνων

199 2062 235 2124 τὰ
258 2064 385 2146 δεύτερα.
423 2064 519 2145 ὥσπερ
543 2062 598 2146 γὰρ
621 2062 653 2124 έν
677 2063 842 2143 περιστάσει
865 2061 931 2124 τινά
953 2062 1113 2144 γενόμενον
1136 2063 1214 2149 αἰρε-

199 2160 323 2243 τώτερόν
350 2160 429 2222 ἐστιν
456 2158 530 2244 ὑπὲρ
558 2170 611 2222 τοῦ
639 2162 774 2260 σιἠιατος
801 2162 1002 2244 διαρπαγηναι
1027 2160 1060 2222 τὸ
1088 2161 1214 2267 ἱμάτιον,

159 2284 186 2323 ιο
199 2259 293 2334 οὕτως
322 2258 382 2321 ἔστι
410 2265 520 2339 μᾶλλον
547 2259 580 2321 έν
607 2262 669 2333 τοῖς
696 2265 869 2340 πειρασμοῖς
895 2257 1020 2321 άσπιλον
1046 2247 1215 2340 τηρήσαντά
1297 2292 1298 2327 3

199 2355 254 2435 τὴν
282 2356 385 2438 ψυχὴν
412 2358 577 2438 προδοῦναι
604 2356 660 2435 τὴν
684 2358 777 2440 σάρκα
799 2363 860 2430 τοῖς
882 2358 1030 2429 παντοίως
1052 2356 1214 2440 ἐνυβρίζειν

200 2453 238 2515 έθ
215 2451 406 2534 θ’έλουσιν,
389 2479 409 2534 η
433 2453 572 2517 ἀπολέσαι
595 2464 646 2534 τῆς
670 2464 771 2536 ψυχῆς
788 2454 892 2535 τῆν’
862 2453 929 2536 εογέ
929 2478 1021 2516 νειαν.
1057 2480 1077 2534 η
1066 2452 1128 2516 δε
1147 2456 1214 2516 τοῦ·

200 2575 259 2614 των
282 2550 434 2612 ἀκούσασα
456 2549 545 2638 ἀπῄει
568 2552 801 2632 ταλαντευομένη
819 2553 872 2615 τόν
889 2562 965 2615 νοῦν
983 2552 1024 2627 όος
1041 2553 1099 2614 όάο
1116 2559 1213 2614 καλῶν

200 2647 439 2728 ἀντιποιουμένη.
477 2643 540 2710 ἀλλ’
559 2647 578 2728 ἡ
597 2651 668 2710 θεία
690 2650 772 2732 χάρις
790 2648 809 2730 ἡ
829 2650 861 2712 ἐν
879 2658 941 2724 τοῖς
960 2649 1123 2732 ἀμηχάνοις
1141 2673 1213 2735 προ·

161 2771 187 2812 τε
201 2747 306 2825 φάσεις
328 2747 500 2829 ἐπικουρίας
522 2744 690 2828 παρέχουσα
712 2747 775 2810 τότε
797 2747 847 2811 καὶ
869 2757 904 2834 τῇ
926 2748 1001 2833 κόρη
1020 2750 1063 2810 δι’
1082 2748 1213 2822 ἐπινοίας

201 2846 376 2924 σοφωτάτης
397 2843 509 2906 άσυλον
532 2845 587 2924 τὴν
610 2847 810 2929 σωφροσύνην
828 2846 982 2925 ἐφύλαξεν.
1027 2844 1068 2919 ὡς
1087 2845 1143 2928 γάρ
1160 2842 1210 2926 ἐφ’

201 2942 266 3017 ἑνός
296 2944 381 3004 οἴκου
409 2945 605 3023 συνεκλείσθη
631 2944 855 3023 κατασοφίζεται
882 2943 934 3006 τόν
963 2944 1141 3027 στρατιώτην
1166 2943 1211 3006 λε’-

200 3057 306 3122 γουσα’
331 3039 424 3121 μηδὲν
446 3040 559 3104 άτοπον
580 3043 623 3115 εἰς
643 3040 694 3121 ἐμὲ
711 3043 834 3127 πράξης,
856 3040 1008 3123 άνθρωπε,
1031 3041 1081 3102 καί
1098 3040 1211 3124 παρέξω

201 3155 248 3198 σοι
277 3137 389 3218 μισθόν
411 3149 464 3221 τῆς
486 3139 651 3223 εὐεργεσίας
673 3141 782 3219 ταύτης
804 3140 934 3215 ἐπάξιον.
980 3141 1066 3201 δώσω
1088 3140 1143 3221 γάρ
1165 3158 1210 3201 σοι

200 3269 414 3279 ——-·--——-

273 3333 342 3382 1—5
356 3328 486 3398 Epitome
500 3329 597 3384 eccles.
612 3345 647 3384 ex
661 3329 761 3383 Euseb
772 3328 844 3397 VIII,
855 3335 888 3382 12
906 3330 942 3396 ef.
958 3327 1071 3383 Cramer
1084 3328 1135 3382 An.
1149 3329 1208 3382 Par

201 3397 234 3464 Π,
249 3404 292 3467 90,
307 3405 342 3453 20
360 3400 415 3454 Leo
435 3400 556 3455 Gramm.
568 3417 598 3470 p.
614 3406 656 3468 82,
672 3406 714 3454 23.

275 3566 308 3615 16
326 3566 419 3630 εμῖζον
437 3558 514 3614 BCP
536 3559 589 3629 μήζ
588 3581 609 3614 ω
574 3560 712 3624 L
680 3556 802 3614 -ουσα
820 3559 896 3614 ΑΒΡ
919 3560 1084 3682 ὑπάρχουσα
1103 3559 1161 3615 rell
1176 3593 1208 3602 —

203 3636 237 3686 28
255 3631 370 3702 πραξεις
388 3633 428 3694 είς
447 3629 572 3700 §.mlv
