2617 3909
526 232 716 284 XPONIXON
1060 227 1125 292 679

112 380 289 461 προαστείου
312 378 345 440 ἐν
368 381 562 466 μοναστηρίρι.
607 388 643 464 τῇ
668 372 723 440 ούν
746 377 888 460 ἐπαύριον
904 387 969 439 τῶν
990 386 1127 457 μοναχῶν

113 478 290 556 ψαλλόντων
312 477 368 555 τὴν
389 479 490 559 τρίτην
511 479 601 559 ώραν,
625 477 712 556 φωνὴ
737 475 856 559 γέγονεν
879 476 911 538 ἐκ
934 475 1052 555 βάθους
1074 484 1127 536 τοῦ

113 576 223 655 τάφου,
249 575 396 657 ἐλεήσατε,
419 574 558 657 λέγουσα,
586 577 688 636 δοῦλοι
715 583 767 635 τοῦ
795 580 897 653 θεοῦ,
912 573 1053 652 ἐλεήσατε.
1100 573 1132 633 οί

114 672 148 735 δὲ
176 683 282 736 τούτου
304 673 399 748 εὐθύς
426 673 595 748 ἀνοίξαντες
622 666 711 754 εύρον
737 673 937 752 καθεζόμενον
964 670 1015 732 τὸν
1042 688 1128 752 στρα-

114 771 222 850 τιώτην
248 770 299 832 καί
326 772 483 852 κράζοντα,
510 769 560 832 καί
587 776 700 832 θᾶττον
727 769 818 831 αύτὸν
845 768 1057 841 ἀνελκύσαντες
1078 765 1129 828 καί
1156 788 1169 829 ε

114 869 151 929 τά
179 868 272 949 δεσμά
303 869 494 942 διαλύσαντες
523 867 681 951 ἠρώτησαν
707 869 762 948 την
789 868 886 929 αἰτίαν
913 875 966 928 τοῦ
992 865 1129 945 τοιούτου

115 968 280 1046 θαύματος.
321 966 338 1030 δ
358 966 389 1029 δὲ
407 965 610 1049 παρακαλέσας
628 966 738 1039 αὐτούς
755 965 926 1046 ἀπενεγκεῖν
947 963 1037 1026 αὐτὸν
1055 963 1130 1043 πρὸς
1143 985 1183 1026 ειε
1196 983 1229 1023 ιι.

114 1065 169 1126 τὸν
191 1065 353 1127 ἐπίσκοπον
374 1065 541 1128 Θαλάσσιον
563 1065 724 1145 διηγήσατο
747 1063 826 1148 αύτῷ
847 1063 917 1143 μετὰ
937 1067 1054 1124 πολλῶν
1077 1063 1129 1123 δα-

115 1163 218 1244 κρύων
241 1162 289 1224 ἕπλ
311 1163 433 1225 πάντων
454 1164 560 1235 ούτως·
588 1161 644 1243 ἐγὼ
669 1159 684 1222 δ
707 1161 843 1235 ταπεινὸς
865 1160 915 1223 καί
937 1161 1130 1240 ταλαίπωρος,

116 1254 141 1322 ὦ
168 1261 274 1343 πάτερ,
300 1261 333 1323 ἐν
360 1259 514 1342 ἁμαρτίαις
536 1264 676 1321 τελευτῶν
698 1259 850 1341 ἐθεώρουν
872 1258 955 1333 τινάς
976 1259 1130 1329 Λίθίοπας
1144 1281 1172 1321 ιο

117 1359 241 1432 ἑστῶτας
268 1361 394 1438 πλησίον
422 1383 494 1440 μου,
522 1351 565 1420 ὧν
591 1357 642 1419 καλ
668 1357 743 1438 αύτὴ
766 1355 786 1437 ἡ
814 1358 927 1439 θεωρία
950 1357 1026 1437 μόνη
1049 1359 1130 1435 χαλε-

116 1455 233 1539 πωτέρα
259 1456 357 1536 πάσης
378 1455 501 1538 ύπάρχει
527 1457 688 1536 κολάσεως,
716 1455 854 1528 ούστινας
876 1453 973 1536 δρῶσα
995 1451 1014 1532 ἡ
1038 1451 1131 1532 ἀμαρ-

116 1554 210 1628 τωλδς
228 1554 311 1635 ψυχὴ
329 1555 496 1637 ταράττεται
514 1554 631 1636 σφόδρα
649 1553 723 1634 πρὸς
743 1553 852 1632 ἑαυτὴν
870 1551 920 1613 καλ
942 1549 1130 1613 συστέλλεται.

118 1651 343 1734 παρισταμένων
357 1651 390 1714 δύ
403 1676 454 1734 μοι
469 1662 528 1714 τῶν
541 1653 684 1715 τοιούτων
699 1649 1011 1732 φοβερῶνΑίθιόπων,
1025 1654 1131 1730 θεωρῶ

120 1751 295 1824 νεανίσκους
323 1751 378 1813 δύο
406 1757 666 1832 λευχειμονοῦντας
693 1749 743 1810 καλ
772 1749 893 1822 εὐειδεῖς
915 1745 1000 1829 ἀμαυ,
1027 1747 1132 1818 οἵτινες
1146 1767 1173 1809 τε

118 1848 174 1928 τὴν
196 1848 302 1929 ψυχήν
323 1874 381 1928 μου
402 1849 621 1931 παραλαβόντες
638 1847 689 1910 καλ
710 1845 770 1909 ἀπὸ
793 1857 845 1927 τῆς
863 1856 918 1927 γῆς
936 1845 1040 1906 αὐτίκα
1058 1842 1133 1925 πρὸς

118 1944 269 2028 ούρανοδς
283 1945 478 2028 ἀνιπτάμενοι
498 1946 548 2009 καί
566 1945 794 2028 ἀναφερόμενοι,
817 1944 989 2026 εὑρίσκομεν
1011 1943 1133 2003 τελώνια

119 2044 240 2106 τελώνια
264 2046 448 2122 φυλάττοντα
475 2043 545 2124 μετὰ
568 2048 678 2123 πολλῆς
701 2041 851 2124 ἀκριβείας
873 2040 927 2119 την
949 2037 1061 2101 ἀνοδον
1083 2037 1134 2099 καὶ

120 2143 322 2203 διακωλύοντα
344 2142 396 2216 τάς
418 2140 614 2224 ἀνερχομίνας
635 2139 736 2220 ψυχάς
754 2138 804 2200 καί
824 2143 1040 2219 λομοθετοῦνια
1058 2128 1129 2196 καθ’

119 2240 242 2301 ἕκαστον
260 2239 398 2301 τελώνιον
415 2241 471 2320 τὴν
489 2241 602 2302 οἰκείαν
620 2236 776 2320 ἁμαρτίαν,
796 2236 828 2298 τό
848 2233 901 2315 μὲν
919 2244 971 2296 τοῦ
989 2234 1133 2313 ψεύδους,
1147 2256 1175 2296 ιο

194 2407 243 2456 1.2
257 2399 422 2471 ψαλλόντων
435 2409 491 2455 τῶν
504 2409 636 2473 μοναχῶν
645 2400 736 2454 ΑΒΜ.
753 2391 786 2441 .'.
802 2405 818 2453 5
832 2398 920 2454 αύτδν
934 2397 1134 2458 ἀνελκύσαντες

120 2473 171 2526 ΒΡ
189 2473 391 2534 ἀνελκύσαντες
409 2473 496 2527 αδτδν
510 2472 535 2527 V
554 2473 641 2528 αότδν
658 2489 708 2527 om.
723 2470 783 2525 rell.
798 2502 833 2511 —
848 2469 1011 2532 ἑλκύσαντες
1024 2467 1083 2521 LM.
1100 2499 1133 2507 —

122 2551 137 2598 ’λ
156 2542 344 2612 παρεκάλεσεν
357 2542 390 2597 V.
415 2575 449 2584 -
473 2549 489 2597 7
512 2544 583 2611 πρὸς
605 2543 656 2613 (είς
673 2543 707 2612 Β)
729 2543 779 2598 τὸν
801 2537 954 2596 ἐπίσκοπον
976 2538 1135 2594 θαλάσσιον

119 2615 197 2670 ABP
219 2615 290 2682 πρὸς
306 2615 356 2669 τὸν
375 2617 477 2671 δοῦλον
495 2623 545 2669 τοῦ
563 2618 635 2669 θεοῦ
653 2613 811 2689 θαλάσσιον
829 2613 879 2668 τὸν
898 2609 1051 2666 ἐπίσκοπον
1073 2609 1133 2664 rell.

122 2687 216 2742 Oomb.
236 2719 271 2727 —
295 2692 374 2740 8-9
394 2687 431 2750 ὡς
449 2687 480 2740 δὲ
499 2684 676 2756 παρέστησαν
694 2685 782 2740 αύτδν
800 2687 838 2758 τῷ
853 2682 994 2738 ἐπισκόπει
1011 2680 1135 2749 παρεκά-

120 2763 199 2814 λεσεν
214 2758 301 2812 αύτδν
313 2756 400 2827 λέγων
412 2759 521 2827 (τοῦτον
536 2757 638 2812 ἐκεῖνοι
651 2757 831 2826 προσήφερον
842 2757 903 2824 (sic)
914 2737 986 2808 κατά
999 2753 1050 2808 τὸν
1065 2747 1135 2807 ἐκεί-

121 2851 173 2886 νου
187 2827 271 2898 λόγον
289 2829 330 2892 είς
342 2829 392 2884 τὸν
407 2826 568 2884 ἐπίσκοπον.
601 2827 616 2882 δ
631 2829 663 2882 δὲ
678 2826 829 2890 ἐπίσκοπος
843 2822 921 2881 εἶπεν
936 2827 1010 2895 αύτῷ
1024 2825 1060 2894 R)
1074 2821 1135 2890 διή-

120 2899 204 2972 νησαί
218 2920 265 2972 μοι
283 2899 386 2967 πάντα,
404 2897 479 2962 ὅπως
496 2900 572 2970 κάγὼ
591 2898 700 2965 δοξάσω
715 2896 849 2954 τὸνθεόν
868 2898 926 2967 (τὸν
939 2896 1011 2950 θεὸν
1026 2893 1135 2959 δοξάσω

121 2972 314 3042 το11.ηυὶδοωι
339 2972 388 3026 τὸν
412 2971 494 3041 ἀγιον
517 2971 581 3026 add.
600 2971 644 3040 V).
678 2970 693 3025 δ
717 2970 748 3027 δὲ
773 2967 924 3060 διηγήσατο
948 2967 1023 3040 αύτῷ
1041 2965 1135 3020 πάντα

121 3043 189 3114 μετά
205 3061 234 3097 π,
249 3042 381 3111 δακρύων
399 3038 486 3113 λέγων
505 3042 592 3104 οὕτως
609 3041 668 3096 RV.
689 3075 722 3083 —
743 3047 776 3096 10
795 3063 816 3094 ω
835 3056 886 3094 om.
901 3038 935 3092 N.
956 3069 989 3078 -
1011 3043 1043 3091 11
1063 3034 1135 3106 μόνη

121 3115 139 3184 τ)
158 3111 268 3182 θεωρία
287 3113 349 3168 GR.
364 3146 398 3155 -
418 3120 451 3168 12
469 3114 588 3186 ἀπάρχει
606 3112 792 3167 ABOEGLR
803 3110 897 3166 Comb.
921 3110 1029 3179 ὑπῆρχε
1047 3106 1134 3162 NPV.

122 3218 158 3227 -
184 3185 191 3206 ‘
236 3185 323 3255 ρτωλὴ
342 3185 411 3239 MR.
431 3217 464 3226 —-
489 3191 523 3239 13
543 3205 596 3250 μου
615 3184 693 3256 ψυχὴ
712 3182 805 3237 MRV.
825 3215 858 3223 —
882 3186 914 3235 15
933 3184 1135 3251 λευχημονοῶν-

121 3278 173 3319 τας
191 3207 246 3312 ίόάἀ
269 3261 534 3329 λευσχειμουοῦντας
551 3258 688 3328 (λευσχημ.
704 3255 738 3326 Β)
755 3253 839 3308 BPR.
860 3285 893 3294 —
914 3258 947 3306 1⁷
966 3248 1136 3320 εὑρίσκωμεν

122 3327 205 3382 AcM
227 3325 388 3396 εὑρίσκοντο
406 3327 432 3382 V
455 3327 584 3396 εύρισκον
601 3327 635 3381 R.
655 3358 689 3367 -
715 3332 747 3380 18
766 3326 881 3380 τελώνια
900 3341 950 3378 om.
964 3321 1080 3378 BGRV.
1101 3353 1135 3362 —

122 3400 252 3455 τελώνεια
271 3399 293 3452 L
315 3395 446 3455 τελωνεία
465 3398 495 3453 Ρ.
515 3430 549 3439 -
568 3403 603 3452 20
621 3397 807 3453 τελώνειονΙι
830 3399 975 3451 τελωνεῑον
993 3394 1023 3448 P.

195 3548 213 3594 4
226 3537 314 3611 ηὗρον
328 3541 358 3596 Ρ.
369 3524 453 3595 -3‘17
468 3541 506 3604 ὡς
519 3539 704 3610 ἀνιπτάμενοι
717 3540 739 3594 Ρ
753 3540 866 3610 (ὡσανεὶ
879 3536 1027 3608 πετόμενοι
1041 3533 1136 3590 Gomb.

123 3614 162 3676 ὡς
179 3613 256 3666 ἀετοὶ
273 3632 331 3668 πετ.
347 3613 389 3684 G).
409 3645 443 3653 -
462 3619 496 3667 20
514 3621 564 3667 τοῦ
582 3611 633 3681 μὲν
651 3612 682 3666 Ρ.
