2617 3909
536 241 725 292 XPONIKON
1074 241 1139 307 557

127 389 290 471 μαρτυρίου
313 386 439 474 ἀξιωθῇ.
484 397 575 448 ταῦτα
598 386 631 449 δέ
654 388 700 450 ότε
723 386 861 469 ἤκουσεν,
883 389 1058 451 ἐπανελθεῖν
1080 389 1141 452 ἐκέ-

124 491 209 546 λευσε
233 485 287 565 την
310 487 392 560 τάξιν
420 485 469 546 καλ
497 487 528 548 τὸ
553 484 648 566 όχημα
675 487 717 560 εἰς
741 488 773 549 τὸ
796 488 939 549 παλάτιον
966 487 1141 571 προσέταξεν

124 582 319 664 ὑποστρέψαι.
365 583 508 645 εἰσελθὼν
535 581 567 645 δέ
594 584 669 666 πρὸς
696 584 748 648 τόν
770 584 890 666 βασιλέα
917 581 1010 647 εἶπεν·
1039 579 1062 647 όι
1085 588 1140 667 βοι-
1153 612 1194 652 ιιε
1208 611 1239 651 Μ.

124 687 216 761 σιλεῦ,
235 680 402 743 ἀποθανεῖν
422 705 456 760 με
474 682 502 743 εἰ
518 682 714 763 προστάττεις,
732 681 848 762 ἕτοιμός
864 684 934 763 εἰμι,
953 684 984 745 τὸ
1004 682 1036 745 δέ
1054 683 1140 766 ἔργον

124 780 196 861 ὅπερ
224 778 376 852 ἐκέλευσας
403 786 555 861 πληρῶσαι
583 780 619 841 οὐ
648 781 786 860 δόναμαι.
832 782 954 856 διδάξας
983 779 1015 843 δέ
1044 782 1140 843 πάντα
1167 809 1179 847 ⁵

123 877 159 938 τὰ
182 877 248 959 περὶ
271 888 324 958 τῆς
346 879 487 959 γυναικὸς
510 877 627 958 κατέσχε
649 877 704 957 τὴν
727 888 780 940 τοῦ
804 879 945 960 βασιλέως
968 877 1071 960 ὁρμήν.

190 970 265 1036 Κατ’
292 976 405 1037 ἐκεῖνον
438 974 470 1037 δὲ
501 975 552 1036 τόν
579 977 684 1057 καιρὸν
716 978 749 1037 οί
777 977 898 1057 πόλεμοι
930 987 983 1039 τοῦ
1012 977 1138 1059 ἀσεβοῦς

122 1072 265 1153 βασιλέως
296 1073 475 1154 Οὐάλεντος,
508 1071 561 1147 οὓς
593 1073 667 1135 κατὰ
698 1084 756 1135 τῶν
789 1074 950 1155 ἐκκλησιῶν
982 1085 1035 1136 τοῦ
1062 1083 1137 1138 θεοῦ

122 1171 280 1253 ἐπήγαγεν,
299 1171 372 1232 κατὰ
391 1181 448 1233 τῶν
464 1173 612 1250 πολεμίων
631 1171 828 1253 ἐστράφησαν,
864 1182 924 1233 ’τῶν
942 1172 997 1254 γὰρ
1012 1173 1137 1235 Γότθιον

121 1269 154 1330 έκ
177 1278 236 1330 τῶν
256 1269 341 1331 ἰδίων
364 1266 462 1330 τόπων
484 1268 676 1349 ἐξελθόντων,
699 1269 749 1330 διδι
767 1270 864 1350 πάσης
887 1269 963 1348 δμοῦ
984 1280 1037 1350 τῆς
1058 1269 1136 1356 Θρᾴ-
1151 1296 1177 1335 ιο

122 1390 179 1446 κης
207 1365 320 1448 ἐξέχεαν
347 1366 471 1440 ἕαυτούς
493 1366 543 1428 καλ
565 1373 626 1440 τοῖς
654 1367 756 1441 ὅπλοις
782 1367 834 1441 τάς
860 1368 959 1440 πόλεις
989 1367 1039 1429 καλ
1066 1369 1136 1442 τούς

123 1463 233 1546 ἀγροὺς
251 1471 378 1546 πορθεῖν
392 1463 500 1546 ἀγρίως
513 1463 648 1546 ἤρξαντο.
681 1466 743 1527 τότε
761 1465 836 1526 κατὰ
852 1465 1016 1539 Οὐάλεντος
1034 1467 1137 1547 ὐβρεσι

120 1567 259 1643 χαλεπαῖς
283 1564 314 1624 οῖ
329 1569 445 1625 πολῖται
468 1564 592 1644 ἐχρῶντο
616 1564 656 1643 μὴ
676 1562 782 1636 ἐξιόντι
802 1565 845 1638 είς
862 1563 1001 1645 πόλεμον,
1024 1564 1135 1646 ἐξερχο-

121 1659 214 1739 μίνου
238 1659 270 1722 δέ
288 1660 380 1722 αὐτοῦ
396 1655 521 1736 Ἰσάκιος
543 1658 559 1722 ό
578 1662 655 1743 ίερδς
674 1662 801 1742 μοναχύς
819 1663 967 1744 κρατήσας
984 1673 1037 1724 τοῦ
1055 1670 1135 1744 χαλι-

119 1767 177 1820 νοῦ
200 1767 252 1819 τοῦ
276 1759 369 1820 ἵππου
393 1759 485 1820 αὐτοῦ
509 1759 600 1839 ἔφησε
627 1759 702 1841 πρὸς
727 1760 831 1822 αὐτόν·
859 1770 918 1822 ποῦ
941 1762 1083 1841 βαδίζεις,
1110 1755 1175 1825 όιιτ

118 1858 251 1937 βασιλεῦ,
271 1855 345 1918 κατὰ
363 1863 439 1918 θεοῦ
458 1857 686 1939 στρατευόμενος
704 1858 753 1919 καλ
771 1858 846 1919 θεὸν
865 1859 938 1939 έχων
956 1858 1132 1936 ἀντίπαλον;

117 1953 193 2034 πρὸς
221 1951 256 2016 δν
284 1952 433 2036 ὀργισθείς
464 1955 582 2034 Οὐάλης
615 1962 816 2039 φρουρεῖσθαι
846 1954 1022 2037 προσέταξεν
1051 1956 1133 2018 ἀπει-

116 2052 210 2130 λήσας
241 2052 320 2136 αὐτῷ
348 2053 498 2133 θάνατον,
530 2053 557 2115 εἰ
586 2052 761 2132 ἐπανέλθοι,
792 2054 929 2134 καθάπερ
959 2049 1067 2134 Ἀχαόιβ
1096 2061 1136 2138 τῷ

117 2151 245 2234 Μιχαίᾳ.
299 2149 314 2212 ό
343 2148 375 2211 δέ
407 2160 459 2230 τῆς
491 2151 582 2230 αὐτῆς
619 2160 807 2231 προφητικῖχς
842 2152 957 2231 χάριτος
988 2149 1132 2230 πλησθεὶς

117 2246 227 2326 ὁμοίως
255 2247 407 2332 αὐτῷτὴν
430 2247 589 2326 ἀντίφασιν
616 2247 665 2309 ἐπλ
687 2249 798 2320 παντὸς
823 2258 875 2310 τοῦ
898 2254 972 2309 λαοῦ
995 2246 1130 2310 δέδοικεν.
1145 2271 1172 2310 ιο

115 2340 179 2406 εἶτα
206 2347 357 2426 συμβολῆς
383 2345 543 2427 γενομένης
570 2345 603 2407 ἐν
628 2339 883 2426 Ἀδριανουπόλει,
913 2345 963 2407 καλ
992 2343 1131 2425 ἡττηθεὶς

115 2443 191 2503 κατὰ
214 2444 319 2524 κράτος
340 2445 442 2525 φεύγει
461 2443 517 2504 σύν
536 2441 645 2524 ὀλίγοις
664 2444 706 2516 εἰς
724 2444 843 2522 οἴκημα,
867 2444 937 2524 ὅπερ
956 2443 1131 2523 αἰσθόμενοι

116 2542 151 2602 οί
170 2539 303 2620 πολέμιοι
326 2541 509 2603 κατέκαυσαν
532 2541 623 2603 αὐτὸν
646 2540 703 2602 σὺν
725 2548 786 2613 τοῖς
810 2551 953 2602 συνοῦσιν
976 2543 1055 2626 αὐτῷ
1080 2541 1131 2603 καλ

115 2638 197 2722 αὐτῷ
216 2646 256 2723 τῷ
280 2639 418 2718 οἰκήματι
441 2640 654 2720 βασιλεύσαντα
677 2638 804 2712 ἀνοσίως
827 2638 876 2718 ἔτη
899 2637 951 2700 ιδ’.

188 2736 434 2810 Οὐαλεντινιανὸς
466 2736 482 2799 ό
513 2735 602 2818 μέγας
633 2747 669 2822 τῇ
701 2738 794 2798 πίστει
825 2747 878 2818 της
905 2737 1053 2818 εὐσεβείας
1085 2736 1128 2800 τέ·
1143 2761 1169 2800 ιτ

188 2949 273 2998 7-12
293 2944 491 3010 Rufin.II,13‚
510 2975 545 2984 -
565 2950 669 2999 12-19
688 2951 713 3000 ελ
732 2950 837 2997 21-24
856 2944 905 2997 Th.
921 2943 950 2997 L.
966 2945 1000 3010 cs.
1016 2943 1129 2998 Cramer

112 3017 165 3069 An.
178 3032 206 3083 p.
222 3020 265 3082 97,
281 3021 312 3068 11
334 3022 358 3070 ιλ
376 3015 442 3070 Exo.
455 3016 518 3070 Bar.
535 3015 658 3085 Theoph.
678 3034 704 3086 μ.
721 3022 763 3083 65,
778 3021 802 3069 8.
822 3048 855 3055 -
876 3021 910 3068 24
928 3015 1019 3069 Rufin.
1034 3015 1068 3083 ΙΙ,
1085 3022 1126 3069 13.

112 3118 147 3126 -
168 3092 273 3154 εει-μ.
290 3093 381 3154 τιατ
401 3087 492 3140 Rufin.
507 3087 541 3155 fl,
557 3089 630 3155 ofin.

185 3262 399 3334 ῦπροσέταξεν]
425 3263 564 3318 ἐκέλευσεν
584 3264 638 3317 LV.
664 3297 698 3304 —
722 3264 791 3319 6τόι
809 3281 859 3319 om.
878 3263 937 3318 RV.
962 3295 995 3303 —
1021 3269 1053 3317 13
1074 3264 1126 3330 ἐξι-

110 3345 179 3390 ῶντι
197 3338 222 3389 Α
245 3333 392 3400 ἀξιόντιΟ
416 3333 537 3400 ἐξιόντος
555 3335 585 3388 Β.
606 3367 639 3376 -
666 3342 698 3389 14
718 3335 826 3396 ίσάκιος
849 3336 907 3407 (εἰσ.
926 3335 948 3388 Β
968 3334 1003 3390 λσ,
1020 3335 1059 3404 Μ)
1078 3336 1126 3388 ΑΒ

111 3406 219 3461 ΟΕΝΡ
241 3405 369 3470 λσαάκιος
388 3405 432 3476 (lo.
448 3406 480 3476 F)
495 3406 591 3460 FLRV
601 3405 690 3460 Gram.
702 3406 766 3461 Exn.
782 3439 816 3447 -
836 3407 851 3460 δ
868 3424 918 3462 ονε.
933 3406 990 3460 FN.
1005 3438 1039 3446 -
1058 3425 1126 3474 κρα-

109 3477 196 3545 τήσας
218 3479 305 3533 αὐτὸν
327 3486 378 3532 τοῦ
397 3477 431 3532 N.
458 3509 490 3517 -
514 3484 547 3531 15
571 3487 622 3532 ποῖ
642 3484 675 3532 αλ
694 3479 748 3532 vid.
768 3478 793 3531 D
816 3476 885 3532 ποία
904 3478 940 3532 Μ.
966 3509 999 3518 -
1024 3482 1057 3530 18
1076 3478 1126 3531 τὸν

109 3547 226 3675 ῖόῗέῖ
250 3546 871 3684 Νηἶ,ιέλιῗ”όφ““ἒέλιαλῗλλλλῖός
883 3549 920 3675 λλ
940 3555 1051 3673 ῖεῖὐλ
1073 3565 1123 3601 ‘’⁷'‘
