<?xml version="1.0" encoding="UTF-8"?>
<!DOCTYPE html PUBLIC "-//W3C//DTD XHTML 1.0 Transitional//EN"
    "http://www.w3.org/TR/xhtml1/DTD/xhtml1-transitional.dtd">
<html xmlns="http://www.w3.org/1999/xhtml" xml:lang="en" lang="en">
 <head>
  <title>
</title>
<meta http-equiv="Content-Type" content="text/html;charset=utf-8" />
  <meta name='ocr-system' content='tesseract 3.04.00' />
  <meta name='ocr-capabilities' content='ocr_page ocr_carea ocr_par ocr_line ocrx_word'/>
</head>
<body>
  <div class='ocr_page' id='page_1' title='image "./georgiimonachic00boorgoog_0016.png"; bbox 0 0 2617 3909; ppageno 0'>
   <div class='ocr_carea' id='block_1_1' title="bbox 190 228 886 293">
    <p class='ocr_par' dir='ltr' id='par_1_1' title="bbox 190 228 886 293">
     <span class='ocr_line' id='line_1_1' title="bbox 190 228 886 293; baseline -0.02 1"><span class='ocrx_word' id='word_1_1' title='bbox 190 228 255 293; x_wconf 82' lang='lat'><strong><em>392</em></strong></span> <span class='ocrx_word' id='word_1_2' title='bbox 500 228 686 281; x_wconf 70' lang='grc' dir='ltr'><strong><em>Γιιεεοιοο</em></strong></span> <span class='ocrx_word' id='word_1_3' title='bbox 703 229 886 281; x_wconf 67' lang='lat' dir='ltr'><strong>Momm*</strong></span> 
     </span>
    </p>
   </div>
   <div class='ocr_carea' id='block_1_2' title="bbox 87 375 1300 2413">
    <p class='ocr_par' dir='ltr' id='par_1_2' title="bbox 87 375 1300 2413">
     <span class='ocr_line' id='line_1_2' title="bbox 189 375 1201 459; baseline 0.001 -22"><span class='ocrx_word' id='word_1_4' title='bbox 189 377 365 457; x_wconf 76' lang='grc' dir='ltr'><strong><em>αἰχμάλωτοι</em></strong></span> <span class='ocrx_word' id='word_1_5' title='bbox 383 375 442 439; x_wconf 87' lang='grc' dir='ltr'><strong><em>όπδ</em></strong></span> <span class='ocrx_word' id='word_1_6' title='bbox 461 375 739 459; x_wconf 86' lang='grc' dir='ltr'><strong><em>Ναβουχοδονόσωρ</em></strong></span> <span class='ocrx_word' id='word_1_7' title='bbox 758 375 899 456; x_wconf 84' lang='grc' dir='ltr'><strong><em>βασιλέως</em></strong></span> <span class='ocrx_word' id='word_1_8' title='bbox 915 377 1104 456; x_wconf 64' lang='grc' dir='ltr'><strong><em>Βαβυλῶνος.</em></strong></span> <span class='ocrx_word' id='word_1_9' title='bbox 1140 376 1201 438; x_wconf 88' lang='grc' dir='ltr'><strong><em>εἰσ-</em></strong></span> 
     </span>
     <span class='ocr_line' id='line_1_3' title="bbox 188 466 1202 555; baseline -0.002 -19"><span class='ocrx_word' id='word_1_10' title='bbox 188 475 326 547; x_wconf 84' lang='grc' dir='ltr'><strong><em>ελθόντες</em></strong></span> <span class='ocrx_word' id='word_1_11' title='bbox 358 466 413 536; x_wconf 84' lang='grc' dir='ltr'><strong><em>οόν</em></strong></span> <span class='ocrx_word' id='word_1_12' title='bbox 444 474 488 548; x_wconf 87' lang='grc' dir='ltr'><strong><em>εἰς</em></strong></span> <span class='ocrx_word' id='word_1_13' title='bbox 514 476 679 555; x_wconf 81' lang='grc' dir='ltr'><strong><em>Βαβυλῶνα</em></strong></span> <span class='ocrx_word' id='word_1_14' title='bbox 708 474 811 537; x_wconf 71' lang='grc' dir='ltr'><strong><em>ἔσεσθε</em></strong></span> <span class='ocrx_word' id='word_1_15' title='bbox 837 473 902 537; x_wconf 88' lang='grc' dir='ltr'><strong><em>ἐκεῖ</em></strong></span> <span class='ocrx_word' id='word_1_16' title='bbox 923 474 974 553; x_wconf 79' lang='grc' dir='ltr'><strong><em>ἔτη</em></strong></span> <span class='ocrx_word' id='word_1_17' title='bbox 1000 470 1041 553; x_wconf 89' lang='lat' dir='ltr'><strong><em>o&#39;,</em></strong></span> <span class='ocrx_word' id='word_1_18' title='bbox 1070 472 1141 553; x_wconf 82' lang='grc' dir='ltr'><strong><em>μετὰ</em></strong></span> <span class='ocrx_word' id='word_1_19' title='bbox 1168 471 1202 535; x_wconf 83' lang='grc' dir='ltr'><strong><em>δὲ</em></strong></span> 
     </span>
     <span class='ocr_line' id='line_1_4' title="bbox 188 567 1300 653; baseline -0.002 -20"><span class='ocrx_word' id='word_1_20' title='bbox 188 581 274 635; x_wconf 90' lang='grc' dir='ltr'><strong><em>τοῦτο</em></strong></span> <span class='ocrx_word' id='word_1_21' title='bbox 303 571 393 647; x_wconf 80' lang='grc' dir='ltr'><strong><em>ἐξάξω</em></strong></span> <span class='ocrx_word' id='word_1_22' title='bbox 416 570 494 651; x_wconf 74' lang='grc' dir='ltr'><strong><em>ὑμᾶς</em></strong></span> <span class='ocrx_word' id='word_1_23' title='bbox 516 571 633 635; x_wconf 84' lang='grc' dir='ltr'><strong><em>ἐκεῖθεν</em></strong></span> <span class='ocrx_word' id='word_1_24' title='bbox 655 567 717 651; x_wconf 86' lang='grc' dir='ltr'><strong><em>μετ’</em></strong></span> <span class='ocrx_word' id='word_1_25' title='bbox 736 572 872 652; x_wconf 76' lang='grc' dir='ltr'><strong><em>εἰρήνης,</em></strong></span> <span class='ocrx_word' id='word_1_26' title='bbox 898 570 973 653; x_wconf 83' lang='grc' dir='ltr'><strong><em>λέχει</em></strong></span> <span class='ocrx_word' id='word_1_27' title='bbox 994 572 1105 653; x_wconf 85' lang='grc' dir='ltr'><strong><em>κόριος.</em></strong></span> <span class='ocrx_word' id='word_1_28' title='bbox 1150 570 1201 632; x_wconf 85' lang='grc' dir='ltr'><strong><em>καί</em></strong></span> <span class='ocrx_word' id='word_1_29' title='bbox 1299 629 1300 632; x_wconf 73' lang='grc'><strong><em>,</em></strong></span> 
     </span>
     <span class='ocr_line' id='line_1_5' title="bbox 87 666 1204 753; baseline -0.004 -18"><span class='ocrx_word' id='word_1_30' title='bbox 87 695 127 735; x_wconf 70' lang='grc' dir='ltr'><strong><em>τοι</em></strong></span> <span class='ocrx_word' id='word_1_31' title='bbox 140 694 174 733; x_wconf 74' lang='grc' dir='ltr'><strong><em>τι.</em></strong></span> <span class='ocrx_word' id='word_1_32' title='bbox 188 671 290 731; x_wconf 88' lang='grc' dir='ltr'><strong><em>πάλιν·</em></strong></span> <span class='ocrx_word' id='word_1_33' title='bbox 314 668 364 730; x_wconf 91' lang='grc' dir='ltr'><strong><em>καί</em></strong></span> <span class='ocrx_word' id='word_1_34' title='bbox 386 669 598 732; x_wconf 77' lang='grc' dir='ltr'><strong><em>δουλεύσουσιν</em></strong></span> <span class='ocrx_word' id='word_1_35' title='bbox 620 669 653 731; x_wconf 83' lang='grc' dir='ltr'><strong><em>ἐν</em></strong></span> <span class='ocrx_word' id='word_1_36' title='bbox 676 675 738 743; x_wconf 84' lang='grc' dir='ltr'><strong><em>τοῖς</em></strong></span> <span class='ocrx_word' id='word_1_37' title='bbox 759 669 879 732; x_wconf 71' lang='grc' dir='ltr'><strong><em>ἔθνεσιν</em></strong></span> <span class='ocrx_word' id='word_1_38' title='bbox 902 669 952 748; x_wconf 77' lang='grc' dir='ltr'><strong><em>ἔτη</em></strong></span> <span class='ocrx_word' id='word_1_39' title='bbox 973 666 1013 748; x_wconf 80' lang='grc' dir='ltr'><strong><em>α’,</em></strong></span> <span class='ocrx_word' id='word_1_40' title='bbox 1036 668 1086 730; x_wconf 86' lang='grc' dir='ltr'><strong><em>καί</em></strong></span> <span class='ocrx_word' id='word_1_41' title='bbox 1109 667 1141 731; x_wconf 90' lang='grc' dir='ltr'><strong><em>ἐν</em></strong></span> <span class='ocrx_word' id='word_1_42' title='bbox 1164 675 1204 753; x_wconf 77' lang='grc' dir='ltr'><strong><em>τῷ</em></strong></span> 
     </span>
     <span class='ocr_line' id='line_1_6' title="bbox 161 761 1200 849; baseline -0.003 -17"><span class='ocrx_word' id='word_1_43' title='bbox 161 773 386 849; x_wconf 80' lang='grc' dir='ltr'><strong><em>οπληρωθήναι</em></strong></span> <span class='ocrx_word' id='word_1_44' title='bbox 413 765 448 827; x_wconf 81' lang='grc' dir='ltr'><strong><em>τὰ</em></strong></span> <span class='ocrx_word' id='word_1_45' title='bbox 475 762 506 829; x_wconf 81' lang='lat'><strong><em>0‘</em></strong></span> <span class='ocrx_word' id='word_1_46' title='bbox 532 767 581 847; x_wconf 80' lang='grc' dir='ltr'><strong><em>ἐτη</em></strong></span> <span class='ocrx_word' id='word_1_47' title='bbox 612 765 843 846; x_wconf 81' lang='grc' dir='ltr'><strong><em>άποκαταστήσοι</em></strong></span> <span class='ocrx_word' id='word_1_48' title='bbox 870 766 922 829; x_wconf 89' lang='grc' dir='ltr'><strong><em>τὸν</em></strong></span> <span class='ocrx_word' id='word_1_49' title='bbox 941 761 1056 849; x_wconf 79' lang='grc' dir='ltr'><strong><em>Ἰσραήλ</em></strong></span> <span class='ocrx_word' id='word_1_50' title='bbox 1082 767 1125 841; x_wconf 88' lang='grc' dir='ltr'><strong><em>εἰς</em></strong></span> <span class='ocrx_word' id='word_1_51' title='bbox 1146 767 1200 829; x_wconf 85' lang='grc' dir='ltr'><strong><em>τόν</em></strong></span> 
     </span>
     <span class='ocr_line' id='line_1_7' title="bbox 186 864 1200 948; baseline -0.001 -21"><span class='ocrx_word' id='word_1_52' title='bbox 186 866 278 929; x_wconf 91' lang='grc' dir='ltr'><strong><em>τόπον</em></strong></span> <span class='ocrx_word' id='word_1_53' title='bbox 310 864 416 944; x_wconf 78' lang='grc' dir='ltr'><strong><em>αὐτοῦ,</em></strong></span> <span class='ocrx_word' id='word_1_54' title='bbox 449 864 524 943; x_wconf 83' lang='grc' dir='ltr'><strong><em>φησί</em></strong></span> <span class='ocrx_word' id='word_1_55' title='bbox 555 866 666 947; x_wconf 87' lang='grc' dir='ltr'><strong><em>κύριος.</em></strong></span> <span class='ocrx_word' id='word_1_56' title='bbox 711 866 761 928; x_wconf 92' lang='grc' dir='ltr'><strong><em>καί</em></strong></span> <span class='ocrx_word' id='word_1_57' title='bbox 788 864 855 948; x_wconf 90' lang='grc' dir='ltr'><strong><em>περί</em></strong></span> <span class='ocrx_word' id='word_1_58' title='bbox 881 875 934 946; x_wconf 83' lang='grc' dir='ltr'><strong><em>τής</em></strong></span> <span class='ocrx_word' id='word_1_59' title='bbox 960 865 1121 945; x_wconf 72' lang='grc' dir='ltr'><strong><em>οἰκοδομῆς</em></strong></span> <span class='ocrx_word' id='word_1_60' title='bbox 1146 873 1200 944; x_wconf 82' lang='grc' dir='ltr'><strong><em>τής</em></strong></span> 
     </span>
     <span class='ocr_line' id='line_1_8' title="bbox 186 956 1199 1048; baseline -0.002 -23"><span class='ocrx_word' id='word_1_61' title='bbox 186 962 298 1035; x_wconf 87' lang='grc' dir='ltr'><strong><em>πόλεως</em></strong></span> <span class='ocrx_word' id='word_1_62' title='bbox 326 956 483 1036; x_wconf 84' lang='grc' dir='ltr'><strong><em>δἮσαλας</em></strong></span> <span class='ocrx_word' id='word_1_63' title='bbox 510 962 582 1043; x_wconf 84' lang='grc' dir='ltr'><strong><em>ἐφη·</em></strong></span> <span class='ocrx_word' id='word_1_64' title='bbox 611 964 689 1025; x_wconf 77' lang='grc' dir='ltr'><strong><em>οῦτοι</em></strong></span> <span class='ocrx_word' id='word_1_65' title='bbox 714 962 789 1045; x_wconf 84' lang='grc' dir='ltr'><strong><em>λέχει</em></strong></span> <span class='ocrx_word' id='word_1_66' title='bbox 815 964 918 1044; x_wconf 87' lang='grc' dir='ltr'><strong><em>κύριος</em></strong></span> <span class='ocrx_word' id='word_1_67' title='bbox 944 969 983 1048; x_wconf 75' lang='grc' dir='ltr'><strong><em>τῷ</em></strong></span> <span class='ocrx_word' id='word_1_68' title='bbox 1007 964 1112 1045; x_wconf 76' lang='grc' dir='ltr'><strong><em>χριστιβ</em></strong></span> <span class='ocrx_word' id='word_1_69' title='bbox 1139 985 1199 1041; x_wconf 87' lang='grc' dir='ltr'><strong><em>μου</em></strong></span> 
     </span>
     <span class='ocr_line' id='line_1_9' title="bbox 186 1053 1198 1145; baseline 0 -24"><span class='ocrx_word' id='word_1_70' title='bbox 186 1060 288 1145; x_wconf 76' lang='grc' dir='ltr'><strong><em>Κόρην,</em></strong></span> <span class='ocrx_word' id='word_1_71' title='bbox 312 1053 348 1122; x_wconf 83' lang='grc' dir='ltr'><strong><em>οό</em></strong></span> <span class='ocrx_word' id='word_1_72' title='bbox 372 1060 516 1142; x_wconf 77' lang='grc' dir='ltr'><strong><em>ἐκράτησα</em></strong></span> <span class='ocrx_word' id='word_1_73' title='bbox 538 1069 591 1140; x_wconf 80' lang='grc' dir='ltr'><strong><em>της</em></strong></span> <span class='ocrx_word' id='word_1_74' title='bbox 614 1062 711 1135; x_wconf 83' lang='grc' dir='ltr'><strong><em>δεξιᾶς</em></strong></span> <span class='ocrx_word' id='word_1_75' title='bbox 733 1061 896 1123; x_wconf 76' lang='grc' dir='ltr'><strong><em>ἐπακοῦσαι</em></strong></span> <span class='ocrx_word' id='word_1_76' title='bbox 918 1060 1086 1140; x_wconf 77' lang='grc' dir='ltr'><strong><em>ἔμπροσθεν</em></strong></span> <span class='ocrx_word' id='word_1_77' title='bbox 1105 1058 1198 1121; x_wconf 80' lang='grc' dir='ltr'><strong><em>αὐτοῦ</em></strong></span> 
     </span>
     <span class='ocr_line' id='line_1_10' title="bbox 186 1157 1199 1239; baseline -0.001 -20"><span class='ocrx_word' id='word_1_78' title='bbox 186 1158 271 1237; x_wconf 78' lang='grc' dir='ltr'><strong><em>ἔθνη.</em></strong></span> <span class='ocrx_word' id='word_1_79' title='bbox 317 1157 406 1232; x_wconf 80' lang='grc' dir='ltr'><strong><em>αὐτὸς</em></strong></span> <span class='ocrx_word' id='word_1_80' title='bbox 429 1158 619 1238; x_wconf 76' lang='grc' dir='ltr'><strong><em>οἰκοδομήσει</em></strong></span> <span class='ocrx_word' id='word_1_81' title='bbox 640 1159 696 1239; x_wconf 81' lang='grc' dir='ltr'><strong><em>τήν</em></strong></span> <span class='ocrx_word' id='word_1_82' title='bbox 718 1159 805 1221; x_wconf 89' lang='grc' dir='ltr'><strong><em>πόλιν</em></strong></span> <span class='ocrx_word' id='word_1_83' title='bbox 829 1181 887 1237; x_wconf 91' lang='grc' dir='ltr'><strong><em>μου</em></strong></span> <span class='ocrx_word' id='word_1_84' title='bbox 909 1157 959 1219; x_wconf 82' lang='grc' dir='ltr'><strong><em>καὶ</em></strong></span> <span class='ocrx_word' id='word_1_85' title='bbox 977 1158 1031 1237; x_wconf 79' lang='grc' dir='ltr'><strong><em>τήν</em></strong></span> <span class='ocrx_word' id='word_1_86' title='bbox 1051 1158 1199 1238; x_wconf 84' lang='grc' dir='ltr'><strong><em>αἰχμαλω-</em></strong></span> 
     </span>
     <span class='ocr_line' id='line_1_11' title="bbox 148 1248 1199 1339; baseline -0.004 -19"><span class='ocrx_word' id='word_1_87' title='bbox 148 1280 174 1320; x_wconf 85' lang='lat'><strong><em>10</em></strong></span> <span class='ocrx_word' id='word_1_88' title='bbox 189 1256 256 1316; x_wconf 93' lang='grc' dir='ltr'><strong><em>σίαν</em></strong></span> <span class='ocrx_word' id='word_1_89' title='bbox 279 1265 331 1319; x_wconf 90' lang='grc' dir='ltr'><strong><em>τοῦ</em></strong></span> <span class='ocrx_word' id='word_1_90' title='bbox 355 1261 427 1318; x_wconf 90' lang='grc' dir='ltr'><strong><em>λαοῦ</em></strong></span> <span class='ocrx_word' id='word_1_91' title='bbox 450 1279 509 1335; x_wconf 88' lang='grc' dir='ltr'><strong><em>μου</em></strong></span> <span class='ocrx_word' id='word_1_92' title='bbox 530 1255 705 1337; x_wconf 79' lang='grc' dir='ltr'><strong><em>ἐπιστρέψει.</em></strong></span> <span class='ocrx_word' id='word_1_93' title='bbox 750 1255 816 1339; x_wconf 86' lang='grc' dir='ltr'><strong><em>περί</em></strong></span> <span class='ocrx_word' id='word_1_94' title='bbox 833 1248 871 1336; x_wconf 84' lang='grc' dir='ltr'><strong><em>ής</em></strong></span> <span class='ocrx_word' id='word_1_95' title='bbox 889 1256 1048 1335; x_wconf 71' lang='grc' dir='ltr'><strong><em>οἰκοδομῆς</em></strong></span> <span class='ocrx_word' id='word_1_96' title='bbox 1066 1254 1116 1316; x_wconf 89' lang='grc' dir='ltr'><strong><em>καί</em></strong></span> <span class='ocrx_word' id='word_1_97' title='bbox 1131 1250 1199 1336; x_wconf 80' lang='grc' dir='ltr'><strong><em>Ἀγ-</em></strong></span> 
     </span>
     <span class='ocr_line' id='line_1_12' title="bbox 185 1353 1199 1440; baseline 0.001 -26"><span class='ocrx_word' id='word_1_98' title='bbox 185 1359 270 1434; x_wconf 84' lang='grc' dir='ltr'><strong><em>χαῐος</em></strong></span> <span class='ocrx_word' id='word_1_99' title='bbox 298 1354 416 1432; x_wconf 77' lang='grc' dir='ltr'><strong><em>φάσκει·</em></strong></span> <span class='ocrx_word' id='word_1_100' title='bbox 445 1360 484 1438; x_wconf 76' lang='grc' dir='ltr'><strong><em>τῷ</em></strong></span> <span class='ocrx_word' id='word_1_101' title='bbox 508 1353 632 1440; x_wconf 78' lang='grc' dir='ltr'><strong><em>δευτέρῳ</em></strong></span> <span class='ocrx_word' id='word_1_102' title='bbox 654 1355 711 1417; x_wconf 76' lang='grc' dir='ltr'><strong><em>ἔτει</em></strong></span> <span class='ocrx_word' id='word_1_103' title='bbox 733 1354 781 1418; x_wconf 81' lang='grc' dir='ltr'><strong><em>ἐπὶ</em></strong></span> <span class='ocrx_word' id='word_1_104' title='bbox 803 1355 932 1435; x_wconf 83' lang='grc' dir='ltr'><strong><em>Δαρείου</em></strong></span> <span class='ocrx_word' id='word_1_105' title='bbox 953 1354 1074 1433; x_wconf 80' lang='grc' dir='ltr'><strong><em>έλάλησε</em></strong></span> <span class='ocrx_word' id='word_1_106' title='bbox 1095 1354 1199 1433; x_wconf 83' lang='grc' dir='ltr'><strong><em>πόριος</em></strong></span> 
     </span>
     <span class='ocr_line' id='line_1_13' title="bbox 186 1445 1197 1533; baseline 0 -22"><span class='ocrx_word' id='word_1_107' title='bbox 186 1452 260 1532; x_wconf 90' lang='grc' dir='ltr'><strong><em>πρός</em></strong></span> <span class='ocrx_word' id='word_1_108' title='bbox 284 1474 318 1530; x_wconf 89' lang='grc' dir='ltr'><strong><em>με</em></strong></span> <span class='ocrx_word' id='word_1_109' title='bbox 340 1449 445 1532; x_wconf 76' lang='grc' dir='ltr'><strong><em>λέγων’</em></strong></span> <span class='ocrx_word' id='word_1_110' title='bbox 469 1451 554 1515; x_wconf 89' lang='grc' dir='ltr'><strong><em>εἰπὸν</em></strong></span> <span class='ocrx_word' id='word_1_111' title='bbox 577 1452 615 1531; x_wconf 88' lang='grc' dir='ltr'><strong><em>δή</em></strong></span> <span class='ocrx_word' id='word_1_112' title='bbox 638 1452 713 1532; x_wconf 91' lang='grc' dir='ltr'><strong><em>πρδς</em></strong></span> <span class='ocrx_word' id='word_1_113' title='bbox 730 1453 900 1533; x_wconf 88' lang='grc' dir='ltr'><strong><em>Ζοροβάβελ</em></strong></span> <span class='ocrx_word' id='word_1_114' title='bbox 922 1451 972 1513; x_wconf 83' lang='grc' dir='ltr'><strong><em>καί</em></strong></span> <span class='ocrx_word' id='word_1_115' title='bbox 990 1452 1064 1532; x_wconf 84' lang='grc' dir='ltr'><strong><em>πρὸς</em></strong></span> <span class='ocrx_word' id='word_1_116' title='bbox 1079 1445 1197 1530; x_wconf 81' lang='grc' dir='ltr'><strong><em>Ἰησοῦν</em></strong></span> 
     </span>
     <span class='ocr_line' id='line_1_14' title="bbox 186 1546 1198 1631; baseline 0.001 -23"><span class='ocrx_word' id='word_1_117' title='bbox 186 1550 239 1611; x_wconf 89' lang='grc' dir='ltr'><strong><em>τὸν</em></strong></span> <span class='ocrx_word' id='word_1_118' title='bbox 265 1546 342 1628; x_wconf 73' lang='grc' dir='ltr'><strong><em>ιἐρέα</em></strong></span> <span class='ocrx_word' id='word_1_119' title='bbox 364 1547 414 1609; x_wconf 90' lang='grc' dir='ltr'><strong><em>καί</em></strong></span> <span class='ocrx_word' id='word_1_120' title='bbox 437 1547 511 1631; x_wconf 90' lang='grc' dir='ltr'><strong><em>πρὸς</em></strong></span> <span class='ocrx_word' id='word_1_121' title='bbox 538 1548 649 1623; x_wconf 82' lang='grc' dir='ltr'><strong><em>πάντας</em></strong></span> <span class='ocrx_word' id='word_1_122' title='bbox 672 1549 741 1622; x_wconf 81' lang='grc' dir='ltr'><strong><em>τοῦς</em></strong></span> <span class='ocrx_word' id='word_1_123' title='bbox 763 1550 959 1623; x_wconf 86' lang='grc' dir='ltr'><strong><em>καταλοίπους</em></strong></span> <span class='ocrx_word' id='word_1_124' title='bbox 981 1558 1033 1610; x_wconf 88' lang='grc' dir='ltr'><strong><em>τοῦ</em></strong></span> <span class='ocrx_word' id='word_1_125' title='bbox 1056 1554 1129 1610; x_wconf 84' lang='grc' dir='ltr'><strong><em>λαοῦ</em></strong></span> <span class='ocrx_word' id='word_1_126' title='bbox 1152 1547 1198 1609; x_wconf 83' lang='grc' dir='ltr'><strong><em>λέ-</em></strong></span> 
     </span>
     <span class='ocr_line' id='line_1_15' title="bbox 185 1640 1197 1731; baseline 0.003 -26"><span class='ocrx_word' id='word_1_127' title='bbox 185 1660 268 1725; x_wconf 69' lang='grc' dir='ltr'><strong><em>γων’</em></strong></span> <span class='ocrx_word' id='word_1_128' title='bbox 287 1646 330 1718; x_wconf 87' lang='grc' dir='ltr'><strong><em>τίς</em></strong></span> <span class='ocrx_word' id='word_1_129' title='bbox 358 1645 387 1719; x_wconf 83' lang='grc' dir='ltr'><strong><em>ἐξ</em></strong></span> <span class='ocrx_word' id='word_1_130' title='bbox 415 1645 514 1726; x_wconf 81' lang='grc' dir='ltr'><strong><em>ὑμῶν,</em></strong></span> <span class='ocrx_word' id='word_1_131' title='bbox 542 1643 575 1721; x_wconf 77' lang='grc' dir='ltr'><strong><em>ὃς</em></strong></span> <span class='ocrx_word' id='word_1_132' title='bbox 602 1640 661 1707; x_wconf 87' lang='grc' dir='ltr'><strong><em>είδε</em></strong></span> <span class='ocrx_word' id='word_1_133' title='bbox 688 1644 739 1707; x_wconf 88' lang='grc' dir='ltr'><strong><em>τόν</em></strong></span> <span class='ocrx_word' id='word_1_134' title='bbox 767 1641 851 1708; x_wconf 87' lang='grc' dir='ltr'><strong><em>οέκον</em></strong></span> <span class='ocrx_word' id='word_1_135' title='bbox 877 1656 982 1708; x_wconf 87' lang='grc' dir='ltr'><strong><em>τοῦτον</em></strong></span> <span class='ocrx_word' id='word_1_136' title='bbox 1009 1645 1043 1709; x_wconf 88' lang='grc' dir='ltr'><strong><em>ἐν</em></strong></span> <span class='ocrx_word' id='word_1_137' title='bbox 1065 1655 1100 1731; x_wconf 76' lang='grc' dir='ltr'><strong><em>τῇ</em></strong></span> <span class='ocrx_word' id='word_1_138' title='bbox 1124 1645 1197 1729; x_wconf 79' lang='grc' dir='ltr'><strong><em>δόξη</em></strong></span> 
     </span>
     <span class='ocr_line' id='line_1_16' title="bbox 146 1741 1198 1828; baseline -0.004 -19"><span class='ocrx_word' id='word_1_139' title='bbox 146 1768 171 1809; x_wconf 81' lang='grc' dir='ltr'><strong><em>ιι</em></strong></span> <span class='ocrx_word' id='word_1_140' title='bbox 186 1742 279 1804; x_wconf 81' lang='grc' dir='ltr'><strong><em>αὐτοῦ</em></strong></span> <span class='ocrx_word' id='word_1_141' title='bbox 306 1752 340 1828; x_wconf 75' lang='grc' dir='ltr'><strong><em>τῇ</em></strong></span> <span class='ocrx_word' id='word_1_142' title='bbox 368 1744 551 1825; x_wconf 81' lang='grc' dir='ltr'><strong><em>έμπροσθεν;</em></strong></span> <span class='ocrx_word' id='word_1_143' title='bbox 580 1742 630 1804; x_wconf 82' lang='grc' dir='ltr'><strong><em>καὶ</em></strong></span> <span class='ocrx_word' id='word_1_144' title='bbox 656 1752 720 1817; x_wconf 76' lang='grc' dir='ltr'><strong><em>πῶς</em></strong></span> <span class='ocrx_word' id='word_1_145' title='bbox 746 1753 804 1805; x_wconf 91' lang='grc' dir='ltr'><strong><em>νῦν</em></strong></span> <span class='ocrx_word' id='word_1_146' title='bbox 826 1741 943 1824; x_wconf 79' lang='grc' dir='ltr'><strong><em>βλέπετε</em></strong></span> <span class='ocrx_word' id='word_1_147' title='bbox 965 1743 1057 1805; x_wconf 89' lang='grc' dir='ltr'><strong><em>αῦτδν</em></strong></span> <span class='ocrx_word' id='word_1_148' title='bbox 1080 1741 1121 1817; x_wconf 81' lang='grc' dir='ltr'><strong><em>ὥς</em></strong></span> <span class='ocrx_word' id='word_1_149' title='bbox 1143 1742 1198 1823; x_wconf 86' lang='grc' dir='ltr'><strong><em>οῦχ</em></strong></span> 
     </span>
     <span class='ocr_line' id='line_1_17' title="bbox 185 1838 1197 1923; baseline 0 -22"><span class='ocrx_word' id='word_1_150' title='bbox 185 1838 354 1921; x_wconf 72' lang='grc' dir='ltr'><strong><em>ὑπάρχοντα</em></strong></span> <span class='ocrx_word' id='word_1_151' title='bbox 376 1840 504 1904; x_wconf 84' lang='grc' dir='ltr'><strong><em>ἐνώπιον</em></strong></span> <span class='ocrx_word' id='word_1_152' title='bbox 526 1840 626 1920; x_wconf 74' lang='grc' dir='ltr'><strong><em>ὑμῶν,</em></strong></span> <span class='ocrx_word' id='word_1_153' title='bbox 649 1839 699 1903; x_wconf 86' lang='grc' dir='ltr'><strong><em>καί</em></strong></span> <span class='ocrx_word' id='word_1_154' title='bbox 720 1849 779 1902; x_wconf 91' lang='grc' dir='ltr'><strong><em>νῦν</em></strong></span> <span class='ocrx_word' id='word_1_155' title='bbox 797 1842 942 1922; x_wconf 82' lang='grc' dir='ltr'><strong><em>κατίσχυε,</em></strong></span> <span class='ocrx_word' id='word_1_156' title='bbox 959 1842 1128 1923; x_wconf 90' lang='grc' dir='ltr'><strong><em>Ζοροβάβελ</em></strong></span> <span class='ocrx_word' id='word_1_157' title='bbox 1146 1839 1197 1901; x_wconf 85' lang='grc' dir='ltr'><strong><em>καί</em></strong></span> 
     </span>
     <span class='ocr_line' id='line_1_18' title="bbox 183 1932 1197 2019; baseline 0 -20"><span class='ocrx_word' id='word_1_158' title='bbox 183 1932 279 2017; x_wconf 82' lang='grc' dir='ltr'><strong><em>Ἰησοῦ</em></strong></span> <span class='ocrx_word' id='word_1_159' title='bbox 312 1938 361 2001; x_wconf 87' lang='grc' dir='ltr'><strong><em>καί</em></strong></span> <span class='ocrx_word' id='word_1_160' title='bbox 392 1949 450 2012; x_wconf 85' lang='grc' dir='ltr'><strong><em>πᾶς</em></strong></span> <span class='ocrx_word' id='word_1_161' title='bbox 477 1937 493 2001; x_wconf 88' lang='grc' dir='ltr'><strong><em>δ</em></strong></span> <span class='ocrx_word' id='word_1_162' title='bbox 521 1939 605 2019; x_wconf 83' lang='grc' dir='ltr'><strong><em>λαός,</em></strong></span> <span class='ocrx_word' id='word_1_163' title='bbox 636 1937 687 1999; x_wconf 86' lang='grc' dir='ltr'><strong><em>καί</em></strong></span> <span class='ocrx_word' id='word_1_164' title='bbox 714 1938 919 2018; x_wconf 86' lang='grc' dir='ltr'><strong><em>οἰκοδομήσετε</em></strong></span> <span class='ocrx_word' id='word_1_165' title='bbox 946 1939 997 2002; x_wconf 86' lang='grc' dir='ltr'><strong><em>τὸν</em></strong></span> <span class='ocrx_word' id='word_1_166' title='bbox 1026 1934 1124 2018; x_wconf 87' lang='grc' dir='ltr'><strong><em>οέιιον,</em></strong></span> <span class='ocrx_word' id='word_1_167' title='bbox 1146 1937 1197 1999; x_wconf 83' lang='grc' dir='ltr'><strong><em>καί</em></strong></span> 
     </span>
     <span class='ocr_line' id='line_1_19' title="bbox 185 2032 1195 2121; baseline -0.001 -22"><span class='ocrx_word' id='word_1_168' title='bbox 185 2036 336 2115; x_wconf 85' lang='grc' dir='ltr'><strong><em>εόδοκήσω</em></strong></span> <span class='ocrx_word' id='word_1_169' title='bbox 364 2034 396 2097; x_wconf 80' lang='grc' dir='ltr'><strong><em>ἐν</em></strong></span> <span class='ocrx_word' id='word_1_170' title='bbox 423 2036 506 2121; x_wconf 66' lang='grc' dir='ltr'><strong><em>αὐτῷ</em></strong></span> <span class='ocrx_word' id='word_1_171' title='bbox 553 2036 603 2098; x_wconf 89' lang='grc' dir='ltr'><strong><em>καί</em></strong></span> <span class='ocrx_word' id='word_1_172' title='bbox 625 2035 705 2098; x_wconf 81' lang='grc' dir='ltr'><strong><em>ἐσται</em></strong></span> <span class='ocrx_word' id='word_1_173' title='bbox 726 2034 747 2115; x_wconf 86' lang='grc' dir='ltr'><strong><em>ή</em></strong></span> <span class='ocrx_word' id='word_1_174' title='bbox 770 2037 842 2110; x_wconf 80' lang='grc' dir='ltr'><strong><em>δόξα</em></strong></span> <span class='ocrx_word' id='word_1_175' title='bbox 864 2045 917 2099; x_wconf 92' lang='grc' dir='ltr'><strong><em>τοῦ</em></strong></span> <span class='ocrx_word' id='word_1_176' title='bbox 939 2037 1024 2099; x_wconf 80' lang='grc' dir='ltr'><strong><em>οἴκου</em></strong></span> <span class='ocrx_word' id='word_1_177' title='bbox 1046 2032 1195 2115; x_wconf 83' lang='grc' dir='ltr'><strong><em>τοότουή</em></strong></span> 
     </span>
     <span class='ocr_line' id='line_1_20' title="bbox 185 2131 1196 2216; baseline 0 -21"><span class='ocrx_word' id='word_1_178' title='bbox 185 2132 288 2215; x_wconf 80' lang='grc' dir='ltr'><strong><em>ἐσχάτη</em></strong></span> <span class='ocrx_word' id='word_1_179' title='bbox 311 2131 384 2216; x_wconf 76' lang='grc' dir='ltr'><strong><em>ὑπὲρ</em></strong></span> <span class='ocrx_word' id='word_1_180' title='bbox 408 2134 462 2213; x_wconf 82' lang='grc' dir='ltr'><strong><em>τήν</em></strong></span> <span class='ocrx_word' id='word_1_181' title='bbox 485 2134 615 2216; x_wconf 84' lang='grc' dir='ltr'><strong><em>πρώτην,</em></strong></span> <span class='ocrx_word' id='word_1_182' title='bbox 637 2132 713 2214; x_wconf 80' lang='grc' dir='ltr'><strong><em>λέγει</em></strong></span> <span class='ocrx_word' id='word_1_183' title='bbox 734 2136 844 2215; x_wconf 88' lang='grc' dir='ltr'><strong><em>κόριος.</em></strong></span> <span class='ocrx_word' id='word_1_184' title='bbox 889 2134 986 2216; x_wconf 74' lang='grc' dir='ltr'><strong><em>ὥσπερ</em></strong></span> <span class='ocrx_word' id='word_1_185' title='bbox 1009 2136 1112 2197; x_wconf 87' lang='grc' dir='ltr'><strong><em>τοίνυν</em></strong></span> <span class='ocrx_word' id='word_1_186' title='bbox 1135 2139 1196 2195; x_wconf 88' lang='grc' dir='ltr'><strong><em>Σο·</em></strong></span> 
     </span>
     <span class='ocr_line' id='line_1_21' title="bbox 145 2227 1196 2314; baseline -0.005 -16"><span class='ocrx_word' id='word_1_187' title='bbox 145 2258 171 2298; x_wconf 80' lang='grc' dir='ltr'><strong><em>εο</em></strong></span> <span class='ocrx_word' id='word_1_188' title='bbox 185 2232 284 2311; x_wconf 86' lang='grc' dir='ltr'><strong><em>λομὼν</em></strong></span> <span class='ocrx_word' id='word_1_189' title='bbox 315 2242 367 2312; x_wconf 75' lang='grc' dir='ltr'><strong><em>τῆς</em></strong></span> <span class='ocrx_word' id='word_1_190' title='bbox 398 2233 516 2313; x_wconf 80' lang='grc' dir='ltr'><strong><em>πρώτης</em></strong></span> <span class='ocrx_word' id='word_1_191' title='bbox 548 2227 708 2313; x_wconf 76' lang='grc' dir='ltr'><strong><em>οἰκοδομῆς</em></strong></span> <span class='ocrx_word' id='word_1_192' title='bbox 739 2242 792 2293; x_wconf 92' lang='grc' dir='ltr'><strong><em>τοῦ</em></strong></span> <span class='ocrx_word' id='word_1_193' title='bbox 819 2242 894 2294; x_wconf 83' lang='grc' dir='ltr'><strong><em>ναοῦ</em></strong></span> <span class='ocrx_word' id='word_1_194' title='bbox 921 2231 1021 2314; x_wconf 84' lang='grc' dir='ltr'><strong><em>χέχονε</em></strong></span> <span class='ocrx_word' id='word_1_195' title='bbox 1049 2233 1196 2312; x_wconf 84' lang='grc' dir='ltr'><strong><em>δομήτοτρ,</em></strong></span> 
     </span>
     <span class='ocr_line' id='line_1_22' title="bbox 185 2328 1195 2413; baseline -0.001 -22"><span class='ocrx_word' id='word_1_196' title='bbox 185 2332 262 2392; x_wconf 74' lang='grc' dir='ltr'><strong><em>οὕτω</em></strong></span> <span class='ocrx_word' id='word_1_197' title='bbox 276 2331 446 2412; x_wconf 88' lang='grc' dir='ltr'><strong><em>Ζοροβάβελ</em></strong></span> <span class='ocrx_word' id='word_1_198' title='bbox 469 2340 521 2410; x_wconf 85' lang='grc' dir='ltr'><strong><em>τής</em></strong></span> <span class='ocrx_word' id='word_1_199' title='bbox 545 2329 680 2413; x_wconf 73' lang='grc' dir='ltr'><strong><em>δευτέρας</em></strong></span> <span class='ocrx_word' id='word_1_200' title='bbox 698 2330 748 2392; x_wconf 82' lang='grc' dir='ltr'><strong><em>καὶ</em></strong></span> <span class='ocrx_word' id='word_1_201' title='bbox 765 2329 894 2411; x_wconf 86' lang='grc' dir='ltr'><strong><em>ἐσχάτης.</em></strong></span> <span class='ocrx_word' id='word_1_202' title='bbox 932 2328 1007 2409; x_wconf 86' lang='grc' dir='ltr'><strong><em>φησί</em></strong></span> <span class='ocrx_word' id='word_1_203' title='bbox 1024 2329 1080 2412; x_wconf 83' lang='grc' dir='ltr'><strong><em>χδιρ</em></strong></span> <span class='ocrx_word' id='word_1_204' title='bbox 1098 2335 1195 2410; x_wconf 90' lang='grc' dir='ltr'><strong><em>Ζαχα-</em></strong></span> 
     </span>
    </p>
   </div>
   <div class='ocr_carea' id='block_1_3' title="bbox 145 2422 1196 2999">
    <p class='ocr_par' dir='ltr' id='par_1_3' title="bbox 145 2422 1196 2999">
     <span class='ocr_line' id='line_1_23' title="bbox 185 2422 1196 2510; baseline -0.001 -21"><span class='ocrx_word' id='word_1_205' title='bbox 185 2428 262 2510; x_wconf 89' lang='grc' dir='ltr'><strong><em>ρίας·</em></strong></span> <span class='ocrx_word' id='word_1_206' title='bbox 294 2429 328 2489; x_wconf 82' lang='grc' dir='ltr'><strong><em>αλ</em></strong></span> <span class='ocrx_word' id='word_1_207' title='bbox 352 2434 442 2509; x_wconf 86' lang='grc' dir='ltr'><strong><em>χεῖρες</em></strong></span> <span class='ocrx_word' id='word_1_208' title='bbox 470 2429 638 2510; x_wconf 87' lang='grc' dir='ltr'><strong><em>Ζοροβάβελ</em></strong></span> <span class='ocrx_word' id='word_1_209' title='bbox 666 2428 863 2508; x_wconf 83' lang='grc' dir='ltr'><strong><em>ἐθεμελίωσαν</em></strong></span> <span class='ocrx_word' id='word_1_210' title='bbox 890 2428 942 2491; x_wconf 87' lang='grc' dir='ltr'><strong><em>τὸν</em></strong></span> <span class='ocrx_word' id='word_1_211' title='bbox 969 2422 1053 2491; x_wconf 86' lang='grc' dir='ltr'><strong><em>οἰκον</em></strong></span> <span class='ocrx_word' id='word_1_212' title='bbox 1080 2437 1196 2506; x_wconf 90' lang='grc' dir='ltr'><strong><em>τοῦτον,</em></strong></span> 
     </span>
     <span class='ocr_line' id='line_1_24' title="bbox 184 2518 1195 2607; baseline 0.001 -20"><span class='ocrx_word' id='word_1_213' title='bbox 184 2525 234 2587; x_wconf 87' lang='grc' dir='ltr'><strong><em>καί</em></strong></span> <span class='ocrx_word' id='word_1_214' title='bbox 257 2526 291 2587; x_wconf 81' lang='grc' dir='ltr'><strong><em>αλ</em></strong></span> <span class='ocrx_word' id='word_1_215' title='bbox 311 2532 402 2607; x_wconf 87' lang='grc' dir='ltr'><strong><em>χεῖρες</em></strong></span> <span class='ocrx_word' id='word_1_216' title='bbox 424 2524 517 2588; x_wconf 81' lang='grc' dir='ltr'><strong><em>αὐτοῦ</em></strong></span> <span class='ocrx_word' id='word_1_217' title='bbox 539 2524 753 2588; x_wconf 89' lang='grc' dir='ltr'><strong><em>ἐπιτελέσουσιν</em></strong></span> <span class='ocrx_word' id='word_1_218' title='bbox 774 2525 872 2590; x_wconf 77' lang='grc' dir='ltr'><strong><em>αὐτόν.</em></strong></span> <span class='ocrx_word' id='word_1_219' title='bbox 909 2526 937 2588; x_wconf 90' lang='grc' dir='ltr'><strong><em>εἰ</em></strong></span> <span class='ocrx_word' id='word_1_220' title='bbox 953 2524 1007 2605; x_wconf 76' lang='grc' dir='ltr'><strong><em>μέν</em></strong></span> <span class='ocrx_word' id='word_1_221' title='bbox 1024 2518 1081 2587; x_wconf 80' lang='grc' dir='ltr'><strong><em>οῦν</em></strong></span> <span class='ocrx_word' id='word_1_222' title='bbox 1099 2525 1195 2603; x_wconf 74' lang='grc' dir='ltr'><strong><em>ἔμελλε</em></strong></span> 
     </span>
     <span class='ocr_line' id='line_1_25' title="bbox 185 2619 1194 2704; baseline -0.003 -20"><span class='ocrx_word' id='word_1_223' title='bbox 185 2624 273 2685; x_wconf 87' lang='grc' dir='ltr'><strong><em>πάλιν</em></strong></span> <span class='ocrx_word' id='word_1_224' title='bbox 300 2622 533 2703; x_wconf 81' lang='grc' dir='ltr'><strong><em>ἀναστήσεσθαι,</em></strong></span> <span class='ocrx_word' id='word_1_225' title='bbox 565 2619 645 2686; x_wconf 77' lang='grc' dir='ltr'><strong><em>εἶπεν</em></strong></span> <span class='ocrx_word' id='word_1_226' title='bbox 676 2622 715 2685; x_wconf 79' lang='grc' dir='ltr'><strong><em>διν</em></strong></span> <span class='ocrx_word' id='word_1_227' title='bbox 742 2622 759 2686; x_wconf 91' lang='grc' dir='ltr'><strong><em>δ</em></strong></span> <span class='ocrx_word' id='word_1_228' title='bbox 786 2624 954 2704; x_wconf 77' lang='grc' dir='ltr'><strong><em>προφήτης</em></strong></span> <span class='ocrx_word' id='word_1_229' title='bbox 987 2621 1037 2684; x_wconf 89' lang='grc' dir='ltr'><strong><em>καί</em></strong></span> <span class='ocrx_word' id='word_1_230' title='bbox 1068 2622 1148 2683; x_wconf 80' lang='grc' dir='ltr'><strong><em>ἔσται</em></strong></span> <span class='ocrx_word' id='word_1_231' title='bbox 1173 2620 1194 2701; x_wconf 83' lang='grc' dir='ltr'><strong><em>ή</em></strong></span> 
     </span>
     <span class='ocr_line' id='line_1_26' title="bbox 145 2719 1194 2803; baseline -0.008 -16"><span class='ocrx_word' id='word_1_232' title='bbox 145 2746 170 2787; x_wconf 81' lang='grc' dir='ltr'><strong><em>ιε</em></strong></span> <span class='ocrx_word' id='word_1_233' title='bbox 186 2721 257 2795; x_wconf 83' lang='grc' dir='ltr'><strong><em>δόξα</em></strong></span> <span class='ocrx_word' id='word_1_234' title='bbox 279 2731 332 2783; x_wconf 89' lang='grc' dir='ltr'><strong><em>τοῦ</em></strong></span> <span class='ocrx_word' id='word_1_235' title='bbox 355 2722 440 2783; x_wconf 83' lang='grc' dir='ltr'><strong><em>οἰκον</em></strong></span> <span class='ocrx_word' id='word_1_236' title='bbox 463 2722 569 2783; x_wconf 85' lang='grc' dir='ltr'><strong><em>τούτου</em></strong></span> <span class='ocrx_word' id='word_1_237' title='bbox 592 2719 611 2801; x_wconf 80' lang='grc' dir='ltr'><em>ἡ</em></span> <span class='ocrx_word' id='word_1_238' title='bbox 634 2721 738 2803; x_wconf 81' lang='grc' dir='ltr'><strong><em>ἐσχάτη</em></strong></span> <span class='ocrx_word' id='word_1_239' title='bbox 761 2720 835 2802; x_wconf 83' lang='grc' dir='ltr'><strong><em>όπέρ</em></strong></span> <span class='ocrx_word' id='word_1_240' title='bbox 857 2722 913 2801; x_wconf 81' lang='grc' dir='ltr'><strong><em>τήν</em></strong></span> <span class='ocrx_word' id='word_1_241' title='bbox 932 2720 1108 2801; x_wconf 75' lang='grc' dir='ltr'><strong><em>ἔμπροσθεν.</em></strong></span> <span class='ocrx_word' id='word_1_242' title='bbox 1153 2726 1194 2803; x_wconf 78' lang='grc' dir='ltr'><strong><em>τῷ</em></strong></span> 
     </span>
     <span class='ocr_line' id='line_1_27' title="bbox 185 2815 1194 2901; baseline 0 -22"><span class='ocrx_word' id='word_1_243' title='bbox 185 2817 217 2880; x_wconf 80' lang='grc' dir='ltr'><strong><em>δὲ</em></strong></span> <span class='ocrx_word' id='word_1_244' title='bbox 239 2820 344 2881; x_wconf 81' lang='grc' dir='ltr'><strong><em>εἰπεῖν·</em></strong></span> <span class='ocrx_word' id='word_1_245' title='bbox 368 2817 442 2901; x_wconf 78' lang='grc' dir='ltr'><strong><em>ὑπὲρ</em></strong></span> <span class='ocrx_word' id='word_1_246' title='bbox 461 2820 516 2899; x_wconf 79' lang='grc' dir='ltr'><strong><em>τήν</em></strong></span> <span class='ocrx_word' id='word_1_247' title='bbox 534 2821 664 2901; x_wconf 84' lang='grc' dir='ltr'><strong><em>πρώτην,</em></strong></span> <span class='ocrx_word' id='word_1_248' title='bbox 687 2820 742 2899; x_wconf 81' lang='grc' dir='ltr'><strong><em>τήν</em></strong></span> <span class='ocrx_word' id='word_1_249' title='bbox 761 2819 899 2901; x_wconf 84' lang='grc' dir='ltr'><strong><em>δευτέραν</em></strong></span> <span class='ocrx_word' id='word_1_250' title='bbox 917 2818 1041 2901; x_wconf 87' lang='grc' dir='ltr'><strong><em>ἐσχάτην</em></strong></span> <span class='ocrx_word' id='word_1_251' title='bbox 1059 2815 1194 2896; x_wconf 81' lang='grc' dir='ltr'><strong><em>όπέφηνε</em></strong></span> 
     </span>
     <span class='ocr_line' id='line_1_28' title="bbox 184 2913 1194 2999; baseline -0.002 -21"><span class='ocrx_word' id='word_1_252' title='bbox 184 2915 233 2979; x_wconf 84' lang='grc' dir='ltr'><strong><em>καλ</em></strong></span> <span class='ocrx_word' id='word_1_253' title='bbox 252 2918 426 2980; x_wconf 87' lang='grc' dir='ltr'><strong><em>τελευταίαν.</em></strong></span> <span class='ocrx_word' id='word_1_254' title='bbox 463 2915 503 2990; x_wconf 82' lang='grc' dir='ltr'><strong><em>ὡς</em></strong></span> <span class='ocrx_word' id='word_1_255' title='bbox 521 2916 576 2999; x_wconf 76' lang='grc' dir='ltr'><strong><em>γὰρ</em></strong></span> <span class='ocrx_word' id='word_1_256' title='bbox 596 2917 651 2980; x_wconf 85' lang='grc' dir='ltr'><strong><em>οόκ</em></strong></span> <span class='ocrx_word' id='word_1_257' title='bbox 670 2917 728 2979; x_wconf 79' lang='grc' dir='ltr'><strong><em>ἔστι</em></strong></span> <span class='ocrx_word' id='word_1_258' title='bbox 742 2927 794 2997; x_wconf 79' lang='grc' dir='ltr'><strong><em>τῆς</em></strong></span> <span class='ocrx_word' id='word_1_259' title='bbox 811 2918 929 2997; x_wconf 83' lang='grc' dir='ltr'><strong><em>πρώτης</em></strong></span> <span class='ocrx_word' id='word_1_260' title='bbox 946 2913 1081 2996; x_wconf 88' lang='grc' dir='ltr'><strong><em>προτέρα,</em></strong></span> <span class='ocrx_word' id='word_1_261' title='bbox 1100 2915 1194 2988; x_wconf 68' lang='grc' dir='ltr'><strong><em>οὕτως</em></strong></span> 
     </span>
    </p>
   </div>
   <div class='ocr_carea' id='block_1_4' title="bbox 184 3096 1193 3237">
    <p class='ocr_par' dir='ltr' id='par_1_4' title="bbox 184 3096 1193 3224">
     <span class='ocr_line' id='line_1_29' title="bbox 255 3096 1193 3166; baseline -0.002 -14"><span class='ocrx_word' id='word_1_262' title='bbox 255 3104 271 3152; x_wconf 94' lang='grc'><strong><em>4</em></strong></span> <span class='ocrx_word' id='word_1_263' title='bbox 285 3097 340 3153; x_wconf 79' lang='lat' dir='ltr'><strong>Jer.</strong></span> <span class='ocrx_word' id='word_1_264' title='bbox 356 3104 399 3165; x_wconf 80' lang='lat'><strong><em>25,</em></strong></span> <span class='ocrx_word' id='word_1_265' title='bbox 415 3104 461 3163; x_wconf 78' lang='lat'><strong><em>113</em></strong></span> <span class='ocrx_word' id='word_1_266' title='bbox 477 3103 517 3152; x_wconf 79' lang='lat'><strong><em>12.</em></strong></span> <span class='ocrx_word' id='word_1_267' title='bbox 533 3130 566 3138; x_wconf 90' lang='lat'>—</span> <span class='ocrx_word' id='word_1_268' title='bbox 584 3098 667 3153; x_wconf 79' lang='lat' dir='ltr'><strong>7Jes.</strong></span> <span class='ocrx_word' id='word_1_269' title='bbox 683 3104 726 3166; x_wconf 84' lang='lat'><strong><em>45,</em></strong></span> <span class='ocrx_word' id='word_1_270' title='bbox 743 3104 771 3163; x_wconf 81' lang='lat'><strong><em>13</em></strong></span> <span class='ocrx_word' id='word_1_271' title='bbox 789 3103 830 3151; x_wconf 83' lang='lat'><strong><em>1³.</em></strong></span> <span class='ocrx_word' id='word_1_272' title='bbox 845 3129 878 3137; x_wconf 92' lang='lat'><em>-</em></span> <span class='ocrx_word' id='word_1_273' title='bbox 895 3104 927 3151; x_wconf 76' lang='lat'><strong><em>12</em></strong></span> <span class='ocrx_word' id='word_1_274' title='bbox 942 3096 1014 3166; x_wconf 79' lang='lat' dir='ltr'>Hag.</span> <span class='ocrx_word' id='word_1_275' title='bbox 1030 3101 1055 3163; x_wconf 81' lang='lat'><strong><em>2,</em></strong></span> <span class='ocrx_word' id='word_1_276' title='bbox 1067 3101 1143 3165; x_wconf 73' lang='lat' dir='ltr'>lsqq.</span> <span class='ocrx_word' id='word_1_277' title='bbox 1159 3127 1193 3136; x_wconf 96' lang='lat'>—</span> 
     </span>
     <span class='ocr_line' id='line_1_30' title="bbox 184 3168 403 3237; baseline 0 -15"><span class='ocrx_word' id='word_1_278' title='bbox 184 3175 218 3222; x_wconf 79' lang='lat'><strong><em>22</em></strong></span> <span class='ocrx_word' id='word_1_279' title='bbox 237 3168 319 3224; x_wconf 80' lang='lat' dir='ltr'><strong>Zach</strong></span> <span class='ocrx_word' id='word_1_280' title='bbox 334 3175 364 3237; x_wconf 90' lang='lat'><strong><em>4,</em></strong></span> <span class='ocrx_word' id='word_1_281' title='bbox 379 3174 403 3223; x_wconf 87' lang='grc'><strong>9</strong></span> 
     </span>
    </p>
   </div>
   <div class='ocr_carea' id='block_1_5' title="bbox 183 3318 1193 3678">
    <p class='ocr_par' dir='ltr' id='par_1_5' title="bbox 256 3318 1184 3393">
     <span class='ocr_line' id='line_1_31' title="bbox 256 3318 1184 3393; baseline -0.002 -19"><span class='ocrx_word' id='word_1_282' title='bbox 256 3327 341 3393; x_wconf 75' lang='grc' dir='ltr'><strong><em>’ἰχρη</em></strong></span> <span class='ocrx_word' id='word_1_283' title='bbox 343 3324 396 3374; x_wconf 79' lang='grc' dir='ltr'><strong><em>στῶ</em></strong></span> <span class='ocrx_word' id='word_1_284' title='bbox 411 3318 1184 3391; x_wconf 68' lang='grc' dir='ltr'><strong><em>1011-11φασιει]1ηΒΜ,-4ιαοα.1</em></strong></span> 
     </span>
    </p>

    <p class='ocr_par' dir='ltr' id='par_1_6' title="bbox 183 3376 1192 3660">
     <span class='ocr_line' id='line_1_32' title="bbox 184 3376 1192 3459; baseline -0.005 -11.723"><span class='ocrx_word' id='word_1_285' title='bbox 184 3391 283 3447; x_wconf 79' lang='grc' dir='ltr'><strong><em>-ἐπλ</em></strong></span> <span class='ocrx_word' id='word_1_286' title='bbox 301 3409 353 3447; x_wconf 86' lang='lat' dir='ltr'><strong><em>om</em></strong></span> <span class='ocrx_word' id='word_1_287' title='bbox 371 3376 484 3447; x_wconf 71' lang='lat' dir='ltr'><strong><em>CN-</em></strong></span> <span class='ocrx_word' id='word_1_288' title='bbox 504 3394 540 3446; x_wconf 87' lang='grc' dir='ltr'><strong><em>δα</em></strong></span> <span class='ocrx_word' id='word_1_289' title='bbox 543 3390 717 3459; x_wconf 79' lang='grc' dir='ltr'><strong><em>ρεῖοςΟ-</em></strong></span> <span class='ocrx_word' id='word_1_290' title='bbox 739 3397 771 3444; x_wconf 81' lang='lat'><strong><em>12</em></strong></span> <span class='ocrx_word' id='word_1_291' title='bbox 790 3409 870 3445; x_wconf 90' lang='grc' dir='ltr'><strong><em>επον</em></strong></span> <span class='ocrx_word' id='word_1_292' title='bbox 889 3390 969 3445; x_wconf 75' lang='lat' dir='ltr'><strong>codd</strong></span> <span class='ocrx_word' id='word_1_293' title='bbox 981 3389 1139 3459; x_wconf 72' lang='lat' dir='ltr'><em>pr.me</em></span> <span class='ocrx_word' id='word_1_294' title='bbox 1159 3421 1192 3429; x_wconf 97' lang='lat'><strong>—</strong></span> 
     </span>
     <span class='ocr_line' id='line_1_33' title="bbox 184 3407 1192 3529; baseline -0.003 -13"><span class='ocrx_word' id='word_1_295' title='bbox 184 3458 879 3529; x_wconf 55' lang='grc' dir='ltr'><strong><em>141οε1ΜΜοίοε11-191σολομῶιΒ11-</em></strong></span> <span class='ocrx_word' id='word_1_296' title='bbox 898 3468 932 3516; x_wconf 77' lang='lat'><strong><em>21</em></strong></span> <span class='ocrx_word' id='word_1_297' title='bbox 951 3468 1000 3529; x_wconf 82' lang='grc' dir='ltr'><strong><em>τῆς</em></strong></span> <span class='ocrx_word' id='word_1_298' title='bbox 981 3407 1192 3528; x_wconf 51' lang='grc' dir='ltr'><strong><em>μδευτέρας-</em></strong></span> 
     </span>
     <span class='ocr_line' id='line_1_34' title="bbox 185 3530 1193 3605; baseline -0.002 -18"><span class='ocrx_word' id='word_1_299' title='bbox 185 3540 217 3587; x_wconf 77' lang='lat'><strong><em>22</em></strong></span> <span class='ocrx_word' id='word_1_300' title='bbox 235 3538 272 3589; x_wconf 92' lang='grc' dir='ltr'><strong><em>Ζο</em></strong></span> <span class='ocrx_word' id='word_1_301' title='bbox 274 3533 392 3605; x_wconf 89' lang='grc' dir='ltr'><strong><em>οβαβελ</em></strong></span> <span class='ocrx_word' id='word_1_302' title='bbox 405 3551 454 3589; x_wconf 87' lang='lat' dir='ltr'><strong><em>om</em></strong></span> <span class='ocrx_word' id='word_1_303' title='bbox 470 3532 655 3588; x_wconf 80' lang='lat' dir='ltr'>BGELR.—</span> <span class='ocrx_word' id='word_1_304' title='bbox 670 3538 703 3585; x_wconf 77' lang='lat'><strong><em>22</em></strong></span> <span class='ocrx_word' id='word_1_305' title='bbox 718 3533 801 3601; x_wconf 78' lang='grc' dir='ltr'><strong><em>ἐδε</em></strong></span> <span class='ocrx_word' id='word_1_306' title='bbox 801 3530 1070 3587; x_wconf 75' lang='grc' dir='ltr'><strong><em>λίωσενΒΟΙιΒ.-</em></strong></span> <span class='ocrx_word' id='word_1_307' title='bbox 1084 3538 1118 3585; x_wconf 77' lang='lat'><strong><em>23</em></strong></span> <span class='ocrx_word' id='word_1_308' title='bbox 1133 3531 1193 3587; x_wconf 90' lang='grc' dir='ltr'><strong><em>ἐπι</em></strong></span> 
     </span>
     <span class='ocr_line' id='line_1_35' title="bbox 183 3604 722 3678; baseline -0.004 -19"><span class='ocrx_word' id='word_1_309' title='bbox 183 3608 308 3660; x_wconf 85' lang='grc' dir='ltr'><strong><em>τελοῦσιν</em></strong></span> <span class='ocrx_word' id='word_1_310' title='bbox 327 3604 442 3659; x_wconf 83' lang='grc' dir='ltr'><strong><em>ΟΜ.-</em></strong></span> <span class='ocrx_word' id='word_1_311' title='bbox 462 3610 496 3658; x_wconf 80' lang='grc'><strong><em>25</em></strong></span> <span class='ocrx_word' id='word_1_312' title='bbox 514 3609 553 3678; x_wconf 80' lang='grc' dir='ltr'><strong><em>τῷ</em></strong></span> <span class='ocrx_word' id='word_1_313' title='bbox 568 3604 590 3656; x_wconf 89' lang='grc' dir='ltr'>Ε</span> <span class='ocrx_word' id='word_1_314' title='bbox 612 3604 644 3658; x_wconf 87' lang='grc' dir='ltr'><strong><em>τὸ</em></strong></span> <span class='ocrx_word' id='word_1_315' title='bbox 663 3604 722 3658; x_wconf 84' lang='lat' dir='ltr'>rell.</span> 
     </span>
    </p>
   </div>
   <div class='ocr_carea' id='block_1_6' title="bbox 0 0 1314 3909">
    <p class='ocr_par' dir='ltr' id='par_1_7' title="bbox 0 0 1314 3909">
     <span class='ocr_line' id='line_1_36' title="bbox 0 0 1314 3909; baseline 0 3"><span class='ocrx_word' id='word_1_316' title='bbox 0 0 1314 3909; x_wconf 95' lang='lat' dir='ltr'><strong><em> </em></strong></span> 
     </span>
    </p>
   </div>
  </div>
 </body>
</html>
