2617 3909
180 197 245 259 792
491 198 678 249 memor
697 198 881 248 Μουιειον

178 363 295 425 σονται,
324 347 358 407 οί
376 369 407 424 γε
434 347 508 428 πρὸς
535 355 635 406 πᾶσαν
663 345 718 423 τὴν
742 343 924 424 οἰκουμένην
946 345 1216 424 παραταττόμενοι

180 445 329 524 δυσσεβῶς
352 444 656 524 ούκατερυθριῶσιν.
693 442 743 504 καὶ
765 452 858 504 ταῦτα
877 444 968 519 τίνες;
993 444 1026 503 οί
1041 443 1217 525 κατήγοροι

179 551 238 602 τῶν
260 541 499 621 ἐπαινουμένων,
528 543 561 602 οί
581 540 725 603 σκοτεινοί
748 541 815 623 περὶ
838 543 871 604 τδ
895 551 975 622 φύς,
1004 543 1037 602 οί
1057 541 1134 622 περὶ
1160 541 1218 619 τὴν
1299 553 1300 574 ³

179 643 290 716 σοφίαν
308 639 491 716 ἀπαίδευτοι,
514 639 550 700 τδι
568 638 710 721 ἀχάριστα
728 641 870 718 κτίσματα
889 639 962 701 κατὰ
980 639 1037 718 τὴν
1056 640 1218 721 θεολόγον
1294 648 1295 676 ³

153 744 321 819 σγλῶσσαν,

327 878 404 963 [μβ.
439 881 526 963 Περὶ
554 880 701 962 Μιχαὴλ
728 891 789 942 τού
815 875 1053 963 Ἀμορραίου]

246 1006 335 1068 Μετά
363 1005 395 1068 δέ
418 1005 535 1068 Λέοντα
562 1007 730 1086 ἐβασίλευσε
757 1006 881 1086 Μιχαὴλ
910 999 1132 1086 δἈμορραῑος
1165 1007 1216 1084 ἔτη

180 1103 214 1184 η’
238 1115 335 1184 μῆνας
358 1102 395 1165 θ’
418 1103 467 1165 καὶ
496 1103 649 1166 ἀπέθανεν
672 1103 704 1164 ἐκ
728 1105 890 1183 δυσουρίας
917 1103 1048 1183 καὶτῆς
1072 1114 1140 1166 τῶν
1168 1128 1216 1165 νε-

181 1214 266 1282 φρῶν
290 1204 494 1285 σφοδροτάτης
512 1201 679 1284 ἀλγηδόνος
698 1225 726 1262 τε
749 1201 799 1262 καί
823 1200 995 1283 ἀρρωστίας.
1037 1199 1072 1274 ὃς
1097 1203 1215 1284 μικρόν

142 1321 207 1361 ωτι
230 1310 282 1380 τῆς
304 1301 565 1380 προκατασχούσης
588 1301 693 1372 κακίας
716 1299 875 1378 ύπενδούς,
899 1300 970 1361 ὅσον
993 1300 1063 1373 τοὺς
1087 1301 1126 1362 έν
1153 1303 1214 1382 είρ

181 1405 263 1472 κταῖς
286 1398 336 1459 καὶ
354 1399 459 1471 πόνοις
481 1397 531 1459 καὶ
550 1397 676 1477 ἕξορίαις
694 1397 866 1478 ἐλευθερίαν
884 1421 914 1458 τε
934 1397 985 1458 καὶ
1003 1397 1108 1459 ἀνεσιν
1132 1396 1213 1460 ὄνει-

180 1498 263 1577 ράδη
286 1498 502 1575 φαντάζεσθαι,
531 1497 563 1557 τδ
591 1505 644 1556 τού
667 1494 917 1577 προηγησαμένου
943 1497 1131 1574 δυσωνύμου
1163 1496 1213 1557 καί

181 1596 344 1674 δυσσεβοῦς
358 1594 512 1655 ύπέθαλπε
527 1592 686 1674 θεοστνγές
706 1592 858 1675 φρόνημα,
877 1593 927 1654 καί
942 1593 1052 1673 ὁμοίως
1071 1601 1118 1678 τῷ,
1132 1595 1213 1678 αύτῷ

181 1691 393 1778 ἀμφιβλήστρῳ
417 1692 587 1774 περιπαρεὶς
613 1702 666 1771 τῆς
689 1693 789 1770 δεινῆς
812 1691 951 1772 αἱρέσεως
979 1693 1087 1772 ι’χθύος
1117 1695 1210 1770 δίκην

141 1808 167 1848 15
180 1796 241 1863 τοῖς
273 1800 332 1850 τῶν
359 1791 515 1871 δογμάτων
546 1796 673 1870 σαθροῖς
704 1789 754 1850 καὶ
785 1789 920 1870 ἀσεβέσιν
954 1788 1148 1852 ἐναπέθανεν
1181 1789 1208 1863 ἐξ

180 1887 342 1968 ἀκροτάτης
361 1887 534 1969 ἀβελτηρίας
555 1911 584 1948 τε
607 1888 658 1948 καὶ
677 1887 804 1969 ἀλογίας.
847 1887 980 1967 ἀμύητος
1002 1888 1058 1971 γάρ
1084 1889 1209 1970 σφόδρα

180 1986 230 2048 καί
249 1986 425 2060 ἀπαίδευτος
443 1986 610 2067 ἐτύγχανεν,
629 1985 766 2065 ἀμαθίαν
783 1982 866 2068 [γὰρ]
881 1985 914 2048 ἐκ
932 1983 1068 2070 πατρῴας
1082 1985 1208 2068 ἀλογίας

181 2085 230 2145 καὶ
253 2084 460 2165 ἀπειροκαλίας
484 2083 580 2164 ὥσπερ
605 2084 713 2163 ἱκανὴν
737 2085 843 2146 ούσίαν
866 2085 1107 2166 κληρωσάμενος,
1132 2085 1206 2146 ὅθεν

84 2200 123 2240 ωε
137 2200 167 2239 11.
181 2182 229 2243 ε’πὶ
248 2188 321 2243 λαού
341 2183 552 2264 δημηγορήσας
571 2183 678 2262 φησίν·
703 2184 735 2243 οἱ
751 2179 805 2261 μέν
824 2173 879 2242 ούν
898 2182 955 2262 πρὸ
974 2178 1060 2260 ἡμῶν
1080 2182 1205 2264 ἐρευνη-

142 2299 167 2338 το
181 2281 303 2359 σάμενοι
329 2291 388 2341 τῶν
411 2280 659 2358 έκκλησιαστικῶν
683 2281 837 2363 δογμάτων
867 2278 951 2340 αύτοί
978 2278 1028 2340 καί
1056 2279 1112 2341 τὸν
1139 2277 1205 2361 περὶ

181 2378 280 2439 αύτῶν
303 2377 573 2459 είσπραχθησονται
591 2378 690 2459 λόγον,
713 2379 741 2438 εἰ
757 2383 853 2450 καλῶς
871 2375 891 2456 ἢ
910 2387 1008 2449 κακῶς
1029 2375 1203 2439 ἕθέσπισαν.

182 2474 265 2555 ἡμεῖς
289 2475 321 2537 δὲ
344 2477 377 2537 ἐν
399 2463 422 2559 ᾧ
442 2476 497 2554 τὴν
518 2475 676 2554 ἐκκλησίαν
699 2477 824 2556 εύρομεν
847 2476 1028 2555 βαδίζουσαν
1052 2475 1086 2536 ἐν
1110 2477 1203 2559 τούτῳ

254 2662 341 2709 9-16
360 2656 464 2724 Ignatii
478 2656 546 2708 vita
565 2657 684 2726 Niceph.
702 2675 729 2724 μ.
746 2662 811 2723 209,
828 2662 850 2708 7.
871 2689 904 2694 -
926 2662 1033 2724 16-μ,
1052 2662 1113 2724 793,
1132 2664 1147 2710 6
1167 2657 1202 2710 ib.
1299 2679 1300 2694 ι

178 2746 207 2796 p.
222 2733 283 2791 209,
299 2734 340 2780 26.

254 2878 267 2922 1
293 2869 500 2939 παραττόμενοι
524 2869 544 2922 C
571 2869 772 2940 ταραττόμενοι
795 2871 827 2923 R.
853 2902 886 2909 -
915 2876 931 2921 4
954 2869 1094 2940 θεολόγον
1119 2872 1201 2939 γλώτ-

182 2964 233 2997 ταν
252 2944 284 2995 A.
305 2975 340 2981 —
364 2948 379 2994 7
399 2943 552 3010 ἀμορραῐος
570 2941 670 2993 ALRV
693 2940 868 3009 ἀμοραῖοςῦ
891 2943 1034 3009 ἀμωραῖος
1053 2941 1109 2994 GN
1133 2943 1200 3010 ἀμο-

182 3013 262 3080 ραίος
280 3017 319 3067 lit.
330 3008 369 3068 'ex
387 3010 541 3082 ἀμορραίος
558 3012 624 3066 Exc.
640 3013 676 3066 de
694 3013 758 3066 virt.
776 3045 810 3052 —
830 3018 845 3065 8
865 3013 913 3066 καλ
931 3019 1022 3080 μῆνας
1039 3012 1150 3067 AGLR.
1166 3044 1199 3052 -
1299 3057 1300 3068 ι

182 3083 327 3153 δισουρίας
337 3083 412 3138 CGV
427 3083 580 3153 δησουρίας
593 3084 630 3137 M.
646 3116 680 3123 —
696 3090 711 3137 9
727 3081 883 3151 ἀρρωστίας
896 3084 924 3137 τὲ
939 3086 987 3137 καί
1001 3084 1157 3152 ἀλγιδάινος
1165 3086 1198 3135 A.

182 3189 216 3196 -
242 3162 274 3209 10
292 3155 541 3226 προκατασχούσης
559 3155 615 3208 GN
624 3155 759 3225 Exo.Ign.
783 3156 1009 3226 προκατεχούσης
1031 3154 1109 3209 GRV
1131 3174 1196 3222 προ-

181 3228 375 3297 καταρχούσης
393 3228 424 3280 A.
449 3233 541 3279 -.15
560 3225 708 3281 ἀπέθανεν
727 3227 759 3280 A.
784 3259 818 3266 -
843 3233 875 3280 16
899 3223 1059 3297 ἀβελτερίας
1078 3226 1141 3280 ΟΜ.
1165 3257 1196 3266 -

183 3305 215 3351 17
236 3299 288 3366 γάρ
308 3300 358 3351 ἀεί.
373 3300 445 3362 νοτίς
464 3300 520 3350 κίον’
538 3300 608 3364 forte
625 3315 649 3350 υ.
668 3304 700 3351 18
718 3300 904 3352 scribendum.-
923 3297 1025 3366 ἱκανὴν
1043 3293 1079 3366 ἦν
1099 3295 1196 3352 ούσίαν

182 3369 400 3435 κληρωσάμενος.
420 3399 453 3407 -
480 3374 512 3420 18
531 3366 734 3433 ἀπειροκακίας
752 3368 784 3422 A.
806 3399 838 3407 -
864 3373 897 3421 19
917 3369 1146 3458 έρευνησάμενοι]
1169 3369 1196 3422 ἐν

183 3439 282 3506 ἐρεύνῃ
301 3435 446 3504 γενόμενοι
463 3437 522 3506 Ign.
542 3470 576 3477 —
596 3444 638 3490 20.
650 3445 683 3491 21
707 3447 806 3492 τῶν-
818 3437 903 3507 λόγον
921 3439 976 3492 AM
998 3448 1054 3494 τῶν
1065 3443 1196 3508 -λογων

183 3505 241 3557 OD.
266 3538 300 3544 -
325 3513 356 3557 21
377 3506 413 3574 εί]
436 3503 454 3573 ἢ
473 3506 588 3561 ACNR.
609 3539 642 3548 -
667 3515 700 3561 22
720 3506 1024 3579 ἡμεῖς-βαδίζουσαν
1043 3527 1093 3564 om.
1110 3511 1143 3564 A.
1163 3541 1195 3550 -

183 3573 305 3641 εύρωμεν
325 3574 404 3626 codd.
420 3583 531 3641 praeter
544 3577 570 3629 V
588 3585 613 3631 et
630 3595 700 3632 rece.
721 3579 866 3646 quosdam.
