2617 3909
194 232 261 298 466
510 234 697 285 Γεαεττου
714 234 898 287 mmor

194 404 247 444 τον
273 381 412 464 γενέσθαι
437 391 496 442 τῶν
519 380 691 463 ἀνθρώπων
713 381 765 443 τὸν
788 380 923 464 ὄλεθρον.
969 388 1081 462 θρῆνοι
1105 381 1138 444 δὲ
1163 382 1216 444 καί

195 480 320 562 οἰμωγαὶ
348 480 398 541 διὰ
425 480 457 542 τὸ
485 484 603 560 πλῆθος
630 489 690 540 τῶν
713 477 881 560 ὀλλυμένων
904 479 1036 562 ἐγίνοντο
1059 488 1216 560 πανταχοῦ
1288 526 1289 573 ρ

195 574 258 640 κατ’
280 576 369 640 οὐδὲν
392 587 451 638 τῶν
473 577 521 639 ἐπὶ
539 587 592 639 τοῦ
611 577 747 638 θανάτου
765 588 824 639 τῶν
842 578 1038 659 πρωτοτόκων
1055 577 1215 659 Αἰγύπτου
1288 580 1289 587 ’

196 675 430 754 ἀπολειπόμενοι.
477 675 513 738 ού
540 675 595 758 γάρ
624 667 663 756 ἡν
691 675 784 756 οἰκία,
814 675 846 738 ἒν
869 664 890 761 ἡ
917 675 973 739 ούκ
996 668 1035 757 ἡν
1057 674 1216 753 τεθνηκὼς
1288 690 1289 753 j

168 772 245 835 σκαλ
268 772 401 853 ἀπόζων,
424 772 473 833 καλ
497 774 528 834 οἱ
548 771 602 852 μὲν
624 782 684 834 τῶν
706 772 808 835 ἐθνῶν
830 772 954 854 ἀπηνεῖς
975 772 1136 854 άνθρωποι
1158 772 1216 850 τὴν

195 879 248 933 τοῦ
281 870 447 949 νοσήματος
476 870 681 954 ἐκτρεπόμενοι
712 869 762 932 καλ
789 871 845 950 τὴν
871 880 925 933 τοῦ
957 872 1094 933 θανάτου
1128 871 1215 950 μετά·
1288 864 1289 939 λ

196 970 290 1057 δοσιν.
304 966 438 1047 ἀτάφους
461 967 481 1048 ἡ
504 968 554 1029 καὶ
581 965 742 1047 ἡμιθανεῖς
769 968 906 1050 ἔρριπτον
927 969 998 1043 τοὺς
1020 968 1216 1049 ἀνθρώπους,
1288 986 1289 1047 j

196 1066 233 1128 ού
256 1075 417 1148 συγγενῶν,
440 1066 477 1128 ού
502 1068 607 1145 φίλων,
631 1065 688 1127 ούκ
710 1063 807 1128 ἀλλων
828 1076 919 1128 τινῶν
942 1066 1085 1149 ἐγγυτέρω
1108 1066 1213 1146 φειδό-
1288 1086 1289 1089 ’

197 1187 289 1245 μενοι,
312 1161 369 1224 κάν
392 1164 437 1226 ὅτι
459 1164 582 1243 μάλιστα
604 1165 660 1243 τὴν
683 1162 776 1246 ύργὴν
798 1163 848 1225 καλ
871 1165 923 1227 τὸν
941 1166 1077 1227 θάνατον
1095 1164 1134 1227 ού
1153 1163 1213 1226 διέ-

157 1283 182 1323 1⁰
198 1285 304 1344 φυγον.
341 1263 374 1323 οἰ
394 1260 426 1324 δὲ
448 1268 576 1324 πλεῖστοι
598 1272 658 1322 τῶν
682 1261 880 1342 φοβουμένων
903 1262 955 1324 τὸν
973 1264 1079 1345 κύριον
1097 1261 1216 1343 ἀπαρα-

197 1361 352 1440 φυλάκτως
384 1359 453 1433 τούς
484 1369 647 1433 νοσοῦντας
680 1361 897 1441 θεραπεύοντες
928 1359 978 1421 καλ
1007 1370 1061 1421 τοῦ
1093 1361 1215 1432 πάθους

197 1457 466 1538 μεταλαμβάνοντες
493 1467 546 1518 τοῦ
574 1459 643 1537 βίου
671 1458 785 1532 τούτοις
813 1458 1103 1540 συναπηλλάττοντο,
1131 1456 1215 1519 ἀλλοι

198 1554 230 1617 δὲ
248 1553 363 1638 ἑτέρους
381 1555 634 1633 νοσοκομὴσαντες
652 1553 702 1615 καλ
720 1554 868 1636 ἀνεθῆναι
886 1566 940 1638 τῆς
957 1557 1049 1619 νόσου
1067 1557 1214 1636 ποιῆσαν·
1250 1590 1255 1598 ·

197 1675 243 1724 τες
270 1650 447 1732 ἀπεγένοντο
475 1651 517 1725 εἰς
544 1652 654 1725 αύτούς
676 1653 728 1714 τὸν
751 1653 872 1716 ἐκείνων
894 1655 1030 1715 θάνατον
1053 1653 1215 1716 ἐπισπασά-

159 1771 185 1812 15
199 1771 291 1830 μενοι.

521 1835 593 1920 [λη’.
627 1791 715 1922 Περὶ
738 1838 901 1922 Γάλλου]

207 1949 210 1962 ’
267 1962 355 2024 Μετὰ
383 1962 414 2025 δὲ
445 1963 663 2046 Ούαλλεριανὸν
695 1964 862 2045 ἐβασίλευσε
889 1966 1001 2039 Γάλλος
1028 1966 1094 2039 υἱὸς
1122 1966 1215 2028 αὐτοῦ
1289 2036 1290 2061 ρ

201 2072 281 2142 μῆνα
308 2059 360 2123 ἵνα
388 2059 437 2122 καλ
465 2061 580 2144 ἐσφάγη
608 2063 767 2125 καθεύδων
794 2062 853 2125 ύπὸ
881 2074 933 2144 τῆς
962 2065 1039 2138 ἰδίας
1065 2064 1215 2145 γυναικός.

522 2237 597 2322 [λθ’.
628 2240 716 2321 Περλ
739 2238 894 2322 Δεκίου]

162 2387 188 2426 ευ
269 2363 357 2426 Μετὰ
380 2363 412 2426 δὲ
435 2369 459 2426 I
460 2365 549 2426 ἀλλον
571 2365 739 2445 ἐβασίλευσε
757 2364 864 2439 Δέκιος
886 2365 950 2440 ἔτος
968 2368 1004 2427 ἓν
1027 2366 1077 2427 καλ
1100 2365 1216 2448 ἐσφάγη
1289 2378 1290 2409 ³

103 2486 142 2525 εεο
157 2484 188 2523 Μ.
202 2462 235 2523 ἰν
258 2468 297 2544 τῷ
317 2460 440 2546 πολέμῳ.
483 2458 516 2534 ὃς
539 2461 695 2524 ἐθέσπισεν
721 2463 754 2525 ἰν
772 2458 869 2549 Ῥώμη
896 2463 948 2537 τάς
969 2463 1138 2548 χριστιανάς
1165 2489 1217 2546 γυ-
1289 2466 1290 2473 ’

203 2563 309 2630 ναῖκας
337 2559 376 2638 μὴ
404 2558 511 2631 ἐξεῖναι
538 2561 813 2622 κατακαλύπτεσθαι
839 2560 895 2640 τὴν
921 2560 1055 2641 κεφαλὴν
1082 2562 1217 2642 οἰόμενος

205 2654 255 2716 διὰ
286 2665 338 2735 τῆς
369 2654 563 2736 νομιζομένης
581 2657 738 2737 ,αἰσχύνης
768 2659 878 2738 ταύτης
908 2660 951 2733 εἰς
977 2659 1217 2743 εἰδωλολατρείαν

205 2752 296 2827 αύτάς
326 2753 466 2815 ἕλκύσειν.
516 2755 552 2814 αἰ
580 2753 611 2816 δὲ
644 2760 754 2834 μᾶλλον
784 2758 951 2839 προθύμως
981 2755 1216 2820 ἀκατακάλυπτον

166 2873 191 2914 εε
205 2849 354 2938 προῄεσαν
377 2850 467 2925 δόξαν
490 2849 654 2933 ἡγούμεναι
676 2853 732 2933 τὴν
754 2853 828 2936 ὑπὲρ
847 2860 979 2938 Χριστοῦ
996 2856 1147 2917 δοκοῦσαν
1164 2855 1215 2917 ἀν

205 2951 364 3030 θρωπίνην
387 2947 514 3029 ἀτιμίαν.
552 2951 626 3013 ὅθεν
648 2949 714 3033 ἀχρι
736 2963 793 3014 νῦν
815 2955 851 3015 αι’
870 2951 925 3033 μὲν
943 2952 1073 3034 ἀκριβεῖς
1090 2972 1214 3036 χριστια-

277 3119 292 3166 2
313 3111 417 3182 ἐγίνετο
438 3111 486 3166 ΟΕ
509 3111 617 3184 ἐγένετο
636 3114 670 3168 V.
694 3145 728 3156 -
753 3121 769 3168 3
788 3116 834 3170 ἰπλ
851 3125 902 3170 τοῦ
919 3116 1051 3170 θανάτου
1070 3115 1148 3170 ABP
1171 3117 1216 3172 ἰπί

206 3187 245 3256 τῷ
258 3183 376 3258 θανάτῳ
394 3185 416 3238 F
440 3185 487 3240 ἰπλ
503 3185 634 3240 θανάτου
653 3186 714 3241 τελλ,
734 3219 767 3228 -
786 3194 803 3240 4
822 3186 943 3242 ἀπολιπύ
977 3207 1023 3242 νοι
1040 3187 1096 3241 PR.
1112 3219 1146 3228 —-
1165 3194 1179 3240 ’λ
1199 3185 1216 3256 ἡ

207 3272 257 3310 σοι.
277 3255 331 3311 LR.
352 3287 385 3298 -—
410 3254 510 3380 θκάη]
530 3257 579 3312 κοιλ
596 3257 654 3311 BP.
675 3290 708 3299 -
734 3265 767 3313 14
785 3259 846 3383 τληὴ
865 3267 920 3313 τῶν
969 3258 1021 3312 FP.
1041 3289 1075 3300 -
1094 3259 1216 3315 ’ἐπισπα-

208 3324 322 3395 σύμεναι
340 3327 468 3383 θάνατον
510 3327 539 3381 Ιι.
565 3360 596 3380 .-
623 3334 655 3382 17
675 3329 690 3383 ὁ
708 3329 811 3393 υλὸςΒ
848 3372 853 3383 .
878 3362 912 3370 -
935 3336 969 3385 25
988 3327 1123 3398 πρυλεσαν
1141 3330 1215 3386 ADP

207 3395 339 3465 προίασιν
358 3397 492 3452 CEFLR.

280 3544 294 3592 ἵ
315 3539 464 3610 ἡμιθανεῖς
485 3541 550 3602 τοὺς
572 3543 690 3610 νεκρούς
717 3543 846 3610 ἔρριπτον
869 3543 902 3597 ού
926 3561 1002 3613 συγγ.
1022 3543 1055 3597 ού
1079 3543 1216 3610 φιλτάτων

208 3613 349 3674 παντελῶς
367 3609 530 3682 φειδόμενοι
547 3611 578 3666 Ρ.
598 3644 632 3652 -
655 3618 698 3666 14·
707 3613 756 3667 τὸν
775 3613 862 3669 αὐτὸν
880 3614 1010 3670 θάνατον
1027 3614 1058 3669 P.
