2617 3909
521 251 711 302 Χεοαιιιοα
1057 249 1123 314 455

108 399 167 479 τήν
199 396 326 459 δέουσαν
354 399 452 480 χρείαν
479 403 628 478 παρεῖχεν,
657 395 673 458 δ
701 395 733 459 δὲ
760 396 808 458 ἐπὶ
834 405 941 479 σχολῆς
967 399 1124 480 γενόμενος

108 496 278 578 ὑπηγόρευε
300 502 362 569 τοῖς
388 496 602 577 ταχυγράφοις,
630 495 681 556 καὶ
708 497 741 556 οί
765 497 962 577 βιβλογράφοι
989 496 1046 557 σύν
1069 520 1123 579 γυ-

108 593 211 667 ναιξίν
238 594 371 675 ἔγραφον
397 592 445 655 ἐπὶ
472 592 505 654 τὸ
532 598 741 675 καλλιγραφεῖν
768 592 993 674 ἕξησκημίναις,
1025 594 1123 655 πᾶσάν

108 716 142 754 τε
165 694 255 753 θείαν
278 692 399 773 γραφὴν
423 688 608 771 ήρμήνευσεν
636 690 685 753 ἐπὶ
707 691 757 770 ἔτη
784 689 837 770 ιη’.
884 690 993 773 λέγεται
1020 690 1052 753 δὲ
1080 691 1123 752 ὅτι

109 790 305 871 ἑξακισχιλίας
323 791 446 869 βίβλους
465 788 628 863 συνέταξεν.
671 798 811 851 τοσοῦτον
829 789 885 871 γάρ
904 792 992 869 ζῆλον
1009 789 1051 863 είς
1069 789 1124 868 τήν
1151 811 1163 850 ο

109 888 251 969 ἐξήγησιν
274 896 332 948 τῶν
355 888 449 949 θείων
472 888 580 970 λογίων
603 886 618 948 δ
638 882 812 968 Ἀμβρόσιος
835 886 1029 967 ε’πεδείκυυτο,
1053 887 1124 948 ὥστε

108 985 167 1064 ’τήν
186 985 299 1065 πολλὴν
317 984 410 1046 αὐτοῦ
428 986 564 1065 σπουδήν
580 981 734 1068 Ὠριγίνης
752 996 908 1069 μαρτυρῶν
925 987 1033 1068 γράφει
1050 985 1125 1067 πρός

109 1108 179 1145 τινα
202 1082 307 1164 λε’γιον·
338 1080 353 1143 ὁ
378 1084 454 1163 ίερὸς
476 1083 526 1145 καί
539 1090 611 1168 θεῷ
640 1086 767 1164 γνησίως
789 1082 980 1163 ἀνακείμενος
1000 1078 1125 1165 Ἀμβρό-

110 1200 178 1254 σιος
200 1180 293 1242 πολλὰ
315 1182 525 1262 προσαγορεύει
549 1199 587 1242 σε.
626 1181 704 1255 ὅστις
727 1182 883 1260 νομίζοντα
906 1204 940 1260 με
959 1181 1124 1260 φιλόπονον

109 1274 190 1341 εἶναι
213 1278 262 1339 καὶ
284 1279 365 1339 πάνυ
388 1278 484 1355 διψᾶν
502 1289 554 1340 τού
573 1281 661 1340 θείου
679 1278 768 1360 λόγου
786 1276 887 1359 ἤλεγξε
904 1288 939 1362 τῇ
960 1279 1020 1363 ἰδίᾳ
1040 1284 1124 1359 φιλο-
1139 1300 1165 1339 ιο

110 1378 204 1460 πονίχι
226 1383 265 1461 τῷ
285 1376 358 1457 πρὸς
381 1376 416 1436 τά
439 1377 507 1458 άγια
528 1376 691 1455 μαθήματα
709 1376 803 1457 ἔρωτι,
827 1376 901 1437 ὅθεν
918 1375 966 1437 ε’πλ
984 1377 1125 1438 τοσοῦτόν

111 1498 148 1554 με
172 1474 388 1557 παρελήλυθεν,
411 1473 482 1535 ὥστε
505 1474 692 1535 κινδυνεύειν
714 1472 853 1535 ἀπαυδᾶν
870 1474 946 1554 πρὸς
963 1474 1015 1548 τάς
1032 1474 1125 1535 αύτοῦ

113 1573 277 1653 προτάσεις.
316 1570 381 1633 ούτε
395 1571 450 1653 γάρ
466 1572 621 1653 δειπνήσαι
639 1572 718 1634 ἔστιν
735 1573 763 1633 εί
775 1572 815 1652 μή
830 1571 1041 1651 ἀντιβάλλοντα
1058 1571 1126 1634 ούτε

111 1669 312 1748 δειπνήσαντα
335 1669 424 1743 ἔξεστι
447 1679 641 1753 περιπατῆσαι
664 1669 714 1731 καί
742 1671 942 1732 διαναπαῦσαι
969 1672 1001 1734 τὸ
1027 1671 1125 1750 στομά-

113 1790 190 1848 τιον,
202 1765 275 1828 ἀλλά
288 1766 338 1828 καὶ
352 1766 384 1828 ἐν
398 1774 460 1841 τοῖς
473 1774 588 1847 καιροῖς
600 1768 723 1840 ε’κείνοις
737 1773 905 1850 φιλολογεῖν
918 1768 967 1830 καί
980 1768 1125 1849 ἀκριβοῦν
1139 1790 1165 1829 15

113 1866 149 1927 τά
163 1863 329 1946 ἀντίγραφα
348 1864 584 1947 ἀναγκαζόμεθα,
604 1865 671 1928 ούτε
685 1867 746 1947 μήν
763 1867 838 1945 ὅλην
855 1866 903 1928 ἐπί
916 1868 1060 1951 θεραπείᾳ
1073 1876 1126 1928 τοῦ

114 1964 248 2043 σώματος
261 1964 317 2043 τὴν
332 1964 422 2025 νύκτα
436 1964 544 2038 ἔξεστιν
561 1962 634 2044 ἡμῖν
647 1971 810 2043 κοιμᾶσθαι
824 1963 872 2026 ἐπὶ
886 1965 962 2025 πολὺ
976 1974 1028 2044 της
1042 1963 1125 2026 ἕσπέ-

112 2085 168 2144 ρας
183 2062 352 2143 φιλολόγοις
365 2064 584 2142 παρατείνοντα.
617 2062 655 2125 ἐῶ
670 2060 702 2123 δὲ
716 2062 810 2143 λέγειν
823 2062 873 2123 καὶ
886 2062 921 2122 τὰ
935 2061 1031 2124 ἕωθεν
1045 2060 1126 2143 μέχρι

113 2170 167 2239 τῆς
190 2158 315 2237 ἐνυάτης
338 2155 404 2220 ἔσθ’
427 2160 472 2223 ὅτε
495 2160 544 2221 καλ
568 2162 692 2240 δεκάτης
710 2161 799 2240 ὥρας·
823 2160 930 2233 πάντες
952 2159 1007 2241 γὰρ
1026 2161 1058 2220 οἱ
1072 2158 1125 2220 θί-
1140 2184 1178 2223 ειε
1193 2184 1222 2222 υ.

111 2262 213 2329 λοντες
242 2262 416 2335 φιλοπονεῖν
447 2258 516 2331 τούς
542 2259 665 2340 καιρούς
692 2257 824 2331 ἐκείνους
852 2268 887 2342 τῇ
914 2257 1039 2331 ἐξετάσει
1067 2266 1126 2317 τῶν
1140 2280 1166 2319 ιο

112 2356 209 2416 θείων
237 2356 342 2436 λογίων
374 2354 424 2416 καλ
457 2362 521 2428 ταῖς
549 2354 750 2436 ἀναγνώσεσιν
781 2354 982 2417 ἀνατιθέασιν.
1028 2366 1126 2416 πᾶσαν

112 2454 217 2514 τοίνυν
240 2450 421 2532 ἑρμηνεύσας
444 2452 498 2531 τὴν
518 2453 605 2513 θείαν
628 2453 750 2535 γραφήν
773 2453 955 2532 ἐτελεύτησεν
973 2452 1045 2514 ἐτῶν
1064 2451 1125 2527 ξύλ’.

188 2603 221 2651 22
240 2600 274 2664 cs.
290 2597 390 2652 Euseb.
406 2597 477 2651 Hist.
493 2597 559 2652 eccl.
575 2596 633 2664 VH,
650 2604 673 2651 1.

188 2728 202 2775 1
218 2722 281 2776 ἐπισ
298 2725 364 2791 ολῆς
378 2721 456 2775 LMP
466 2722 531 2775 Exc.
546 2730 571 2777 et
584 2739 653 2777 rece.
665 2722 780 2792 quidam
799 2723 944 2794 ἐπισχοίης
960 2723 1020 2777 sine
1033 2738 1087 2776 οοο.
1102 2723 1127 2775 Α

114 2795 255 2865 ἐπισχολλς
268 2745 296 2847 ά
307 2826 341 2834 -
356 2800 373 2846 4
388 2792 554 2863 ἑρμήνευσεν
568 2794 655 2847 EFM.
671 2826 706 2834 -
720 2801 735 2849 6
751 2792 911 2858 ἐπεδείξατο
921 2792 986 2847 Exc.
1002 2794 1080 2863 ἔσχεν
1092 2793 1125 2846 N.

114 2898 150 2907 -
169 2870 186 2919 8
204 2864 318 2936 γνήσιος
335 2864 440 2919 ABFM
463 2881 512 2919 om.
528 2865 557 2918 L.
578 2896 611 2905 —
636 2872 651 2919 9
671 2863 789 2935 νομίζων
807 2884 840 2934 με
858 2864 956 2917 ΒΕκο.
975 2896 1009 2905 -
1033 2869 1065 2917 10
1084 2866 1126 2917 δι-

114 2936 248 3005 ψῶνταΒ
263 2938 356 3004 διψῶν
366 2935 430 2989 Exc.
444 2967 477 2976 -
494 2943 526 2989 12
541 2932 593 2991 ἀπ’
610 2936 703 2992 αύδάν
713 2936 743 2989 Μ
756 2935 889 2990 άπανδάν
904 2938 972 3003 (sine
986 2952 1039 2990 οαο.
1050 2935 1127 3005 Exc.)
1211 2977 1214 2986 .

115 3006 209 3061 CExo.
230 3008 361 3061 ἀπαντᾶν
376 3008 397 3060 F
415 3026 448 3077 με
467 3008 629 3062 ἀπαντάυΙι
647 3006 760 3063 άπανλΤ
774 3006 879 3061 MR.
895 3038 929 3046 -
950 3012 982 3061 13
997 3005 1127 3078 ἀντιβάλ-

113 3077 227 3134 λοντοΟ
241 3077 453 3149 άντιβάλλονται
463 3078 492 3132 F.
504 3110 537 3119 -
549 3084 582 3133 19
597 3078 697 3147 ἐνάτης
705 3078 751 3133 Ac
764 3078 799 3132 θ’
811 3079 847 3131 Μ.
857 3110 890 3117 -
901 3083 934 3131 22
944 3077 996 3145 τήν
1009 3096 1059 3132 ονε.
1071 3078 1125 3132 LV.

187 3209 203 3258 3
222 3212 317 3257 πᾶσαν
327 3208 387 3255 -5
407 3201 553 3267 συνέταξεν
568 3220 617 3258 om.
633 3203 655 3257 P
674 3204 719 3273 (cs.
734 3204 829 3271 infra).
845 3235 878 3243 -
894 3208 910 3256 ὅ
925 3202 997 3258 οὕτω
1011 3201 1064 3272 γάρ
1079 3203 1127 3257 ιιαλ

113 3283 248 3329 τοσούτου
267 3277 348 3344 ζῆλον
366 3274 396 3328 Ρ.
416 3304 450 3313 -
470 3282 486 3329 6
505 3272 573 3329 ὥστε
591 3276 640 3329 καλ
659 3274 710 3343 τὴν
727 3275 757 3328 Ρ,
777 3306 811 3315 -
835 3280 851 3328 9
870 3272 1025 3343 φιλόπονος
1042 3273 1072 3327 Ρ.
1093 3306 1126 3313 -

113 3352 148 3401 22
163 3346 277 3415 γραφὴν
291 3346 340 3399 ιιαλ
353 3345 456 3409 πολλάς
469 3346 518 3400 καλ
531 3346 760 3415 δυσαρνθμήτους
774 3349 797 3414 (λ
805 3350 919 3415 δυριθμ.
931 3346 1003 3414 cod.)
1015 3341 1128 3417 βίβλους

115 3416 253 3481 συντάξας
275 3417 323 3470 καλ
341 3420 455 3471 πλεῖστα
477 3417 533 3471 ὑπὸ
555 3425 610 3471 τῶν
634 3416 731 3472 ἀθέων
749 3416 869 3484 ἑλλήνωυ
892 3416 941 3471 διά
963 3416 1015 3485 τήν
1032 3412 1127 3470 πίστιν

114 3488 197 3544 δεινά
210 3487 363 3549 πεπονθὼς
376 3488 412 3549 ὡς
425 3489 474 3542 καὶ
489 3488 623 3543 ίπιθῦσαι
638 3488 686 3543 διά
700 3508 777 3551 τινος
790 3496 941 3557 σατανιιιῆς
954 3483 1127 3609 πανουρχίας

114 3568 171 3614 τῶν
185 3558 293 3630 ἀσεβῶν
312 3559 360 3612 καλ
378 3555 465 3621 αύθις
482 3559 675 3615 ἀναπαλαῑσαι
694 3559 794 3628 (ἀέσαι
813 3559 895 3627 οοδ.),
909 3560 946 3621 ὡς
958 3559 1045 3619 πολύς
1083 3561 1127 3611 δε-

115 3650 163 3685 ται
186 3628 275 3699 λόγος,
294 3630 406 3685 ἐτελεύτ.
427 3630 496 3685 ἐτῶν
514 3630 567 3696 ξδ’
582 3631 611 3683 Ρ.
