2617 3909
523 244 712 296 XPONIKON
900 249 903 254 '
1057 242 1123 308 673

107 391 218 472 αὐτοῦ,
250 392 441 472 βαστάζοντες
466 390 594 464 κλάδους
621 390 727 453 ἐλαιῶν
754 391 803 453 καλ
830 393 999 474 λαμπάδας,
1028 392 1123 471 εὐφη-

108 498 235 570 μοῦντες
261 489 353 552 αὐτὸν
380 488 450 568 μετὰ
477 493 587 568 πολλῆς
613 488 811 571 εὐφροσύνης.
855 489 906 552 καί
933 488 949 552 δ
977 487 1031 569 μὲν
1058 489 1123 565 υίὸς

109 587 204 650 αὐτοῦ
226 585 401 669 προσελθὼν
424 586 525 648 ἔπεσεν
547 587 590 660 εἰς
611 587 682 660 τούς
706 587 801 661 πόδας
823 597 876 650 τοῦ
900 589 1023 669 πατρός,
1051 585 1067 650 ὁ
1091 585 1123 649 δὲ

107 687 207 767 πατὴρ
229 684 417 766 περιπλακεὶς
438 691 478 769 τῷ
501 686 569 769 υἱῷ,
595 684 771 767 κατέβρεξαν
797 684 958 767 ἀμφότεροι
984 685 1039 765 την
1065 695 1123 768 γῆν
1137 709 1175 751 στι
1190 710 1221 751 1.

107 789 171 857 τοῖς
203 784 355 866 δάκρυσιν.
410 783 482 864 ὅπερ
513 783 699 862 θεασάμενος
730 781 747 844 δ
778 783 848 856 λαὸς
884 783 1123 866 εὐχαριστηρίους
1150 807 1163 848 ο

106 881 224 960 ὐμυους
241 883 282 966 τῷ
298 887 361 965 θεῷ
380 880 437 942 σύν
455 882 599 961 δάκρυσιν
615 879 796 962 ἀνέπεμπον,
818 880 869 942 καί
889 881 966 943 οὐτοι
984 881 1124 963 λαβόντες

107 978 160 1040 τὸν
182 977 303 1060 βασιλέα
329 980 479 1060 χαίροντες
503 979 710 1059 εὐφημοῦντες
731 989 904 1061 κροτοῦντες
926 979 1069 1060 εἰσῆλθον
1090 979 1124 1042 ἐν

106 1085 143 1161 τῇ
166 1076 257 1139 πόλει.

178 1181 239 1238 Τοῦ
271 1175 303 1238 δὲ
330 1170 505 1259 Ἡρακλείου
539 1174 598 1236 ὐπδ
627 1170 811 1238 Ἀθανασίου
848 1173 1028 1256 πατριάρχου
1064 1184 1122 1236 τῶν

104 1270 282 1354 Ἰακωβιτῶν
315 1272 365 1334 καί
395 1274 524 1355 Σεργίου
559 1282 613 1334 τοῦ
644 1273 749 1354 Σύρου
781 1272 1122 1346 Κωνσταντινουπάλεως
1136 1296 1163 1336 ιο

107 1368 330 1452 ἀπατηθέντος,
352 1371 395 1444 είς
416 1370 471 1450 την
489 1371 602 1452 αἵρεσιν
624 1379 684 1432 τῶν
707 1375 917 1449 μονοθελητῶν
939 1369 1122 1450 ἐξεκυλίσθη,

108 1467 159 1530 καί
187 1469 225 1548 δὴ
254 1468 324 1548 μετὰ
349 1477 441 1530 ταῦτα
471 1469 551 1555 νύσιμ
577 1467 744 1550 περιπεσὼν
770 1466 907 1552 ὐδερικῇ,
940 1461 980 1530 δι’
1005 1459 1042 1547 ἧς
1072 1467 1123 1529 καί

107 1564 268 1647 τέθνηκεν,
296 1567 400 1639 δεινῶς
426 1565 598 1648 ἐτιμωρεῖτο.
644 1566 693 1628 έπλ
720 1576 860 1629 τοσοῦτον
886 1567 941 1650 γὰρ
967 1567 1124 1639 τὸπάθος

107 1663 258 1744 ἐπεκτάθη
290 1663 345 1745 ὡς,
376 1661 466 1744 ἡνίκα
494 1662 638 1746 ἀπουρεῖν
664 1665 794 1745 ἔμελλεν,
827 1667 934 1727 σανίδα
964 1665 1038 1726 κατὰ
1068 1673 1123 1728 τοῦ

108 1763 193 1843 ἴτρου
213 1762 307 1824 ἐτίθει
331 1761 382 1825 διά
403 1763 436 1824 τδ
459 1762 638 1845 στρέφεσθαι
660 1763 694 1826 τὸ
717 1764 834 1825 αἰδοῖον
856 1763 949 1826 αὐτοῦ
971 1763 1020 1824 καλ
1047 1761 1122 1824 κατὰ
1136 1785 1161 1825 15

107 1869 161 1922 τοῦ
187 1860 348 1942 προσώπου
375 1859 411 1921 τὰ
437 1852 513 1942 οὐρα
540 1859 734 1940 ἀναπέμπειν.
778 1861 892 1943 ἔλεγχος
914 1859 946 1922 δὲ
973 1853 1012 1941 ἦν
1035 1871 1121 1922 τοῦτο

107 1967 161 2048 τῆς
186 1958 294 2020 ἑαυτοῦ
320 1960 508 2040 παρανομίας
534 1957 633 2020 ἕνεκεν
660 1967 713 2020 τοῦ
740 1959 782 2032 είς
808 1959 863 2039 τήν
890 1959 969 2021 ἰδίαν
992 1956 1121 2036 ἀνεψιάν

106 2079 211 2137 γαίων·

353 2141 425 2226 [ιη’.
457 2143 547 2225 Περί
568 2139 872 2223 Κωνσταντίνου]

174 2268 263 2330 Μετὰ
287 2266 320 2330 δὲ
339 2261 513 2351 Ἡράκλειον
539 2266 708 2348 ἐβασίλευσε
730 2271 957 2341 Κωνσταντῖνος
978 2267 1044 2340 υίὸς
1066 2267 1121 2329 αὐ·
1135 2291 1161 2332 ιο

107 2376 161 2428 τοῦ
184 2366 247 2440 έτος
269 2363 303 2426 α’
324 2364 375 2426 καλ
397 2367 545 2452 φαρμάκῳ
567 2364 627 2427 ὐπὸ
650 2374 710 2426 τῶν
735 2364 852 2427 οἰκείαν
878 2363 1022 2449 ἀνηρίθη.
1068 2361 1173 2457 ἐφότι
1188 2389 1218 2429 ια

109 2457 145 2526 οὐ
176 2463 317 2536 πλούσιός
347 2487 391 2538 τις
421 2463 454 2525 ἐν
484 2461 797 2526 Κωνσταντιυουπόλει
828 2462 957 2542 νοσήσας
988 2461 1038 2524 καί
1068 2463 1120 2525 τὸν
1239 2488 1242 2493 ·

179 2659 264 2707 9-11
280 2653 314 2720 cf.
330 2652 454 2722 Theoph.
464 2670 495 2723 p.
511 2658 573 2720 σου,
588 2658 630 2706 21.
646 2684 680 2694 -
701 2657 805 2706 12-18
819 2653 854 2720 cf.
869 2652 930 2708 Nic.
942 2669 971 2722 p.
988 2657 1030 2722 τε,
1046 2658 1068 2706 τ.
1085 2685 1118 2694 -

107 2729 212 2779 20-21
231 2724 265 2791 cf.
281 2723 405 2793 Theoph.
416 2742 446 2795 p.
462 2730 523 2791 341,
539 2730 580 2778 14.

177 2890 262 2938 θτοῦ
276 2884 381 2952 πατρὸς
394 2884 517 2939 αὐτοῦΑ
534 2885 621 2938 αὐτοῦ
636 2885 696 2954 (om.
711 2883 890 2953 τοῦπατρὸς)
903 2883 961 2938 RV.
978 2915 1011 2923 —
1027 2889 1042 2936 7
1056 2880 1118 2954 χαί-

107 2975 203 3023 ροντες
220 2955 411 3025 εὐφημοῦντες
428 2963 592 3024 κροτοῦντες
606 2955 629 3008 Β
652 2975 725 3026 χαιρ.
746 2955 808 3023 εὐφ.
827 2955 876 3009 καὶ
893 2963 1056 3023 κροτοῦντες
1071 2953 1118 3009 Ac

106 3025 190 3081 EGN
208 3046 281 3098 χαιρ.
295 3027 343 3081 καλ
358 3027 417 3097 (καί
430 3043 481 3082 om.
496 3027 531 3098 R)
544 3033 710 3095 κροτοῦντες
723 3026 772 3080 καὶ
786 3027 975 3096 εὐφημοῦντες
988 3025 1039 3078 RV
1054 3022 1117 3096 χαί-

107 3117 202 3168 ροντες
228 3098 419 3167 εὐφημοῦντες
445 3099 666 3166 ἀνασκιρτῶντες
692 3096 714 3150 Ρ
742 3106 904 3166 σκιρτῶντες
930 3096 1054 3167 Theoph.
1083 3127 1117 3138 —

107 3174 158 3223 28
176 3169 216 3230 είς
233 3169 285 3238 τὴν
303 3167 424 3226 πάλινῦ
448 3169 488 3232 είς
509 3169 541 3224 τὸ
559 3167 697 3223 παλάτιον
716 3167 774 3222 RV.
799 3199 832 3210 -
857 3173 890 3222 14
909 3167 1051 3238 ἐπεκτάθη
1070 3168 1116 3224 Ac
1191 3205 1193 3208 -

106 3238 184 3294 ΕΘΝ
203 3239 346 3296 ἐπεκτάνθ
377 3239 431 3293 BR
449 3239 616 3310 ἀπεκτάνθη
631 3240 661 3293 Μ
680 3238 838 3310 ἐξετάθηΙ)
858 3235 1011 3294 ἐπετείνετο
1027 3239 1115 3295 ΡΝἰυ.

106 3308 319 3381 -15ἐπετίθη
391 3311 453 3366 Nic.
468 3313 514 3367 τεά
528 3309 617 3367 ἐτίθει
630 3329 691 3366 cum
704 3310 765 3365 rell.
780 3311 809 3365 P.
824 3342 857 3350 -
875 3316 908 3364 20
923 3310 938 3364 ὁ
953 3310 1016 3373 υίὸς
1028 3311 1114 3365 AGR.

177 3485 192 3532 2
215 3479 284 3550 μετὰ
305 3484 407 3551 πολλῆς
429 3488 519 3551 χαρᾶς
539 3481 588 3535 καί
612 3479 788 3550 εὐφροσύνης
810 3479 833 3533 Ρ
856 3478 934 3549 (μετὰ
956 3489 1045 3551 χαράς
1066 3479 1115 3533 καὶ

106 3551 394 3677 ρρκρμὲἷτῖλιὲορλιλ
409 3585 443 3593 -
464 3558 515 3606 3.4
534 3551 596 3607 δδλ
610 3551 791 3620 περιπλακεὶς
807 3552 889 3626 αὐτῷ,
906 3550 1017 3622 κατέβρ.
1032 3551 1061 3604 P.
1080 3581 1116 3590 —-

902 3711 954 3765 43*
