2617 3909
513 225 702 275 XPONIKON
1056 223 1119 287 785

98 369 220 449 ὀθόνην
243 372 381 454 λαμπρὰν
404 371 454 433 καὶ
472 373 504 434 τὸ
523 370 734 452 ὑπέρλαμπρον
757 371 807 432 καὶ
828 371 994 453 ὑπέρκαλον
1012 372 1119 433 ἐναπο-

87 470 269 548 μαξάμενος
296 476 383 532 θεῖον
411 465 490 542 είδος
517 468 658 548 ἐκπέμπει
685 475 724 553 τῷ
744 480 853 543 πιστῶς
881 470 1033 548 αἰτήσαντι
1061 481 1119 530 τῶν

92 561 268 647 Ἐδεσηνῶν
295 565 418 650 ἡγεμόνι
441 567 580 651 Αύγάρφ.
626 567 656 642 ἐξ
684 567 799 628 ἐκείνου
828 565 859 628 δέ
887 566 937 628 καὶ
964 567 1046 650 μέχρι
1068 569 1119 646 τή-

96 689 190 745 μερον
213 665 392 750 ἀποστολικῇ
421 665 583 747 παραδόσει
610 664 661 726 καὶ
689 665 837 746 εἰσηγήσει
860 666 995 747 γνώσεώς
1018 688 1046 726 τε
1069 665 1120 726 καλ

95 764 219 843 μνήμης
256 763 371 844 ἕνεκεν,
408 756 451 825 ὧν
482 762 557 844 ὑπὲρ
590 760 676 843 ὑμῶν
708 762 812 843 έδρασέ
843 786 871 824 τε
903 762 953 824 καὶ
985 762 1119 825 πέπονθε
1148 785 1159 825 ε

95 861 242 943 Χριστός,
269 862 353 923 καθὰ
381 862 418 941 δὴ
446 861 497 923 καλ
523 861 559 922 τά
586 861 619 923 ἐν
646 867 710 934 ταῖς
738 862 830 944 ἱεραῖς
856 871 916 921 τῶν
943 861 1119 943 εὐαγγελίων

94 958 211 1032 δέλτοις
234 959 437 1043 ἀνιστόρηται,
465 962 630 1040 σεβασμίως
653 959 837 1038 έκτυποῦμεν
859 958 910 1019 καὶ
932 968 1119 1041 προσκυνοῦ-

95 1081 170 1137 μεν,
207 1056 265 1119 κάν
297 1060 330 1120 οί
354 1060 541 1141 χριστομάχοι
574 1059 814 1139 διαρρήγνυνται.
860 1055 909 1116 καλ
939 1055 1038 1135 μέντοι
1069 1056 1125 1117 καλ

94 1156 174 1236 πρὸς
197 1157 312 1228 τούτοις
335 1156 499 1236 παράδοσις
528 1155 577 1216 καὶ
601 1156 687 1236 λόγος
710 1153 847 1234 ἐχόμενος
869 1159 996 1225 πειθοῦς
1020 1153 1118 1236 μέχρις

95 1253 185 1334 ἡμῶν
208 1255 319 1316 κάτεισι
341 1255 394 1316 τδν
411 1260 499 1315 θεῖον
517 1253 725 1334 εὐαγγελιστὴν
744 1257 871 1312 Λουκῦν
892 1251 924 1312 έν
942 1251 1035 1312 εἰκόνι
1053 1253 1119 1312 δια·
1133 1276 1159 1314 ιο

94 1355 214 1434 γράψαι
241 1353 293 1414 τόν
323 1353 442 1433 κύριον,
470 1353 545 1433 πρὸς
573 1349 605 1412 δέ
632 1351 683 1412 καί
709 1351 765 1430 τὴν
791 1351 999 1431 πανάχραντον
1026 1350 1118 1412 αὐτοῦ

95 1451 223 1532 μητέρα,
251 1450 302 1512 καί
329 1450 380 1523 τόις
403 1452 571 1531 έεροτυπίας
597 1450 706 1523 ταύτας
734 1449 948 1525 διαφυλάσσειν
976 1448 1031 1527 τὴν
1051 1442 1118 1510 Ῥω-

95 1551 196 1629 μαίων
218 1549 315 1610 πόλιν.
357 1551 386 1609 τί
407 1550 456 1609 δεῖ
473 1546 569 1627 λέγειν
591 1549 661 1627 περί
681 1570 713 1628 γε
736 1556 788 1626 τῆς
804 1541 1053 1627 Ἱεροσολυμιτῶν,
1078 1545 1118 1620 ῶς

94 1648 305 1727 ἱστορήσαντες
319 1648 351 1708 οί
362 1645 471 1707 αὐτόθι
489 1644 643 1726 γενόμενοι
659 1643 926 1727 περιαγγέλλουσιν,
946 1643 985 1718 ὡς
999 1649 1118 1706 πλεῖστα
1132 1660 1171 1699 6⁸8
1185 1659 1215 1697 M·

94 1743 182 1825 μέχρι
200 1755 252 1806 τοῦ
272 1746 359 1826 δεῦρο
378 1754 488 1818 πιστῶς
506 1743 556 1805 καὶ
574 1743 707 1824 εὐλαβῶς
725 1744 916 1825 ίερογραφίας
939 1743 971 1804 έκ
989 1748 1117 1804 παλαιοῦ
1133 1765 1157 1805 ιε

94 1837 139 1905 δι’
166 1841 317 1923 ἀκριβείας
346 1840 593 1922 άναστηλωμένας
625 1851 740 1920 σεμνῶς
771 1839 958 1923 περιέποντες
987 1860 1117 1921 προσκυ-

93 1950 218 2018 νοῦσιν;
248 1940 387 2014 ὡσαύτως
415 1939 447 2003 δέ
475 1942 565 2002 πάλιν
592 1939 825 2021 ἀναγέγραπται,
856 1939 900 2000 ότι
927 1937 1040 2018 Πέτρος
1068 1939 1117 1999 καὶ

94 2043 221 2112 Παῦλος
244 2041 276 2100 οῖ
291 2045 453 2119 κορυφαῖοι
476 2048 535 2099 τῶν
557 2037 729 2099 ἀποστόλων
752 2037 787 2098 τδι
806 2041 942 2118 μεγαλεῖα
965 2045 1018 2096 τοῦ
1041 2042 1117 2097 θεοῦ

93 2137 295 2216 κηρύσσοντες
317 2137 350 2198 ἐν
372 2146 407 2222 τῇ
428 2131 523 2220 Ῥώμη
549 2135 599 2196 καὶ
622 2133 642 2195 δι
664 2136 826 2213 πεποίηκεν
849 2131 864 2194 δ
888 2133 1015 2213 Χριστὸς
1038 2135 1117 2194 θαύ-

95 2258 175 2314 ματα
201 2245 303 2317 πρῶτα
330 2243 383 2313 της
408 2235 495 2308 θείας
522 2233 775 2313 μεταμορφώσεως
802 2231 1030 2305 ἕξεικονίσαντες
1049 2225 1116 2292 Ῥω-
1131 2253 1157 2292 το

94 2335 197 2413 μαίοις
219 2333 475 2414 παραδεδώκασιν,
497 2330 602 2404 καθδος
624 2329 675 2392 καλ
697 2329 791 2408 όόφθη
816 2333 936 2412 Μωῦσῇ
960 2328 1011 2390 καλ
1028 2325 1116 2413 Ἦλίηι

95 2431 129 2492 έν
153 2430 230 2518 μέσφ
258 2437 319 2506 τοῖς
346 2429 442 2512 ἆγίοις
468 2430 651 2511 προφήταις,
679 2426 699 2488 ὑλ
722 2429 759 2507 δὴ
788 2427 838 2488 καί
866 2425 947 2508 μέχρι
973 2436 1031 2487 νῦν
1059 2427 1116 2487 σώ-

95 2534 182 2603 ζεται.
227 2540 292 2603 πῶς
319 2521 375 2590 οὐν
398 2527 629 2609 ἀντιβλέφουσιν
655 2528 687 2588 οί
706 2525 842 2598 ἀπειθεῖς
869 2524 918 2585 καὶ
945 2524 1116 2605 ἀγνώμονες

95 2629 172 2708 πρὸς
193 2629 226 2690 τὸ
250 2627 333 2708 μέχρι
355 2637 408 2688 τοῦ
431 2626 578 2707 παρόντος
601 2621 749 2709 ᾀδόμενον
777 2625 827 2685 καλ
850 2624 1001 2705 δρώμενον
1024 2623 1056 2684 ἐν
1079 2630 1118 2707 τῷ

95 2731 160 2808 ναῷ
183 2736 235 2805 τῆς
258 2726 442 2805 θεομήτορος
469 2731 574 2802 θαῦμα
602 2723 634 2784 τὸ
662 2723 695 2785 ἐν
717 2732 752 2807 τῇ
776 2722 859 2784 πόλει
887 2731 922 2806 τῇ
946 2719 1114 2805 καλουμένη
1129 2744 1154 2784 ιε

95 2824 223 2907 Λύδδη;
252 2824 342 2905 όνπερ
370 2823 445 2884 ναδν
473 2822 514 2884 ἔτι
541 2823 702 2904 περιούσης
729 2821 803 2882 κατὰ
825 2821 877 2882 τόν
900 2822 968 2904 τῇδε
992 2822 1060 2900 βίον
1086 2822 1118 2880 οῖ

96 2920 255 2983 ἀπόστολοι
269 2921 460 3000 ίδομήσαντο.
497 2920 600 2981 πολλοὶ
613 2919 669 3000 γὰρ
684 2919 838 2981 τεθέανται
851 2919 1114 3000 προσκυνούμενον

170 3117 184 3164 1
209 3109 383 3179 ὑπέρκαλλον
401 3109 509 3163 ALMV
532 3117 558 3163 et
579 3125 649 3162 τεοο.
670 3108 798 3178 plerique
825 3106 998 3179 ὑπερβάλλον
1021 3107 1055 3161 D.
1084 3139 1115 3148 -

97 3189 112 3234 3
133 3183 273 3250 έδεσηνῶν
291 3181 342 3235 RV
366 3182 498 3237 έδεσινῶν
517 3180 596 3234 OLM
619 3181 768 3235 αἰδεσινῶυ
787 3179 811 3231 Ι)
835 3179 1003 3234 αἰδεσσιυῶν
1022 3179 1054 3233 A.
1078 3211 1114 3219 —

97 3255 212 3326 αὐγάρφ
231 3271 282 3309 om.
302 3254 335 3305 A.
355 3284 388 3292 —
409 3259 425 3306 6
444 3261 503 3314 τοῖς
521 3251 607 3320 ἱεροῖς
625 3253 657 3305 R.
679 3283 712 3290 —
737 3255 751 3303 λ
772 3247 878 3322 βίβλοις
896 3251 954 3304 RV.
975 3282 1008 3290 —
1028 3256 1044 3304 8
1066 3252 1115 3305 καλ

97 3333 161 3381 καλε
183 3325 254 3392 πρὸς
276 3341 327 3379 ουτ.
346 3325 379 3378 A.
402 3356 439 3364 —-
463 3329 494 3376 11
518 3324 630 3394 κύριον]
654 3322 766 3394 χριστόν
785 3322 816 3374 A.
842 3353 875 3362 —
901 3327 933 3375 13
958 3322 1018 3447 δεῖέ
1037 3321 1066 3376 δλ
1089 3323 1114 3375 A

97 3396 133 3465 δὴ
152 3395 235 3450 GRV.
256 3427 290 3436 -
314 3397 358 3468 γε]
375 3415 406 3450 τε
425 3393 472 3448 GV
495 3393 527 3450 δέ
545 3415 575 3463 γε
593 3395 626 3447 R.
646 3426 680 3434 ——
706 3392 925 3462 λεροσολυμητῶν
943 3392 990 3446 AC
1024 3393 1059 3448 N.
1079 3425 1113 3432 —

99 3473 130 3519 19
154 3469 338 3537 κηρύττοντος
359 3467 392 3520 A.
417 3499 450 3507 -
471 3463 573 3537 Ῥώμη]
596 3463 675 3520 πόλει
694 3465 719 3518 Α
741 3464 821 3519 πόλει
844 3461 921 3536 ρ’ώμῃ
940 3465 973 3518 V.
1003 3496 1037 3505 -
1065 3465 1114 3518 καὶ

96 3540 196 3680 moal.
214 3571 249 3664 ἶ
269 3544 311 3592 21.
323 3544 357 3592 22
376 3559 402 3607 μ.
418 3535 524 3611 έμμέσφ
542 3538 591 3593 καλ
609 3535 674 3611 ὑλίᾳ
694 3536 725 3589 A.
746 3569 779 3576 —
800 3541 833 3589 26
852 3533 932 3608 λίδδῃ
952 3536 981 3588 Μ
1004 3535 1113 3608 λύδηῖί

850 3663 858 3671 ⁸
954 3696 1007 3749 50*
