2617 3909
484 262 487 269 “
522 262 712 314 XPONIKON
1061 261 1127 325 643

58 472 60 478 ,
109 407 280 488 νοσήματος
298 406 351 469 τὀό
369 406 528 489 λεγομένου
546 410 702 489 βουβῶνος
721 418 817 489 μῆνας
836 405 867 471 δ”
890 408 940 469 καλ
962 409 1017 490 οάγ
1039 402 1128 487 ἦττον

110 504 266 585 διέφθειρε
289 514 341 566 τοῦ
364 503 509 588 προτέρον
527 498 694 567 θανατικοῦ
712 517 811 567 πᾶσαν
833 505 889 586 την
911 508 999 569 πόλιν
1020 507 1070 568 καί
1092 506 1128 567 τὰ

110 603 214 685 πόρρω
235 604 351 682 ταύτης.
773 681 776 685 Α
1136 596 1140 603 ’

178 696 232 761 Ἐν
254 699 287 762 δὲ
306 696 466 785 Ἀντιοχείᾳ
487 699 649 782 γενομένου
674 702 764 763 πάλιν
786 711 915 781 σεισμοῦ
931 702 1058 783 μεγάλου
1080 700 1128 763 ἐπὶ

112 798 195 880 όόραν
217 799 298 878 μίαν,
320 796 461 881 ἠκούσθη
483 798 615 881 βρυγμὸς
633 798 667 861 ἐκ
689 808 741 860 τοῦ
760 798 893 880 οὐρανοῦ
913 800 1128 881 φοβερώτατος,
1155 821 1192 863 σ-

111 894 163 957 καλ
191 893 347 957 ἀπίθανον
374 896 407 958 ἐν
433 905 469 979 τῇ
498 897 665 976 συμπτώσει
691 897 817 977 χιλιάδες
839 894 870 958 ε’.
915 896 1128 959 λιτανευόντων

112 986 169 1055 οὖν
187 993 308 1055 πάντων
326 992 377 1055 καλ
395 994 570 1075 τρεμόντων,
589 993 687 1073 ἐφάνη
706 994 739 1057 ἐν
757 993 881 1076 δράματι
899 993 1051 1079 ἀνθρώπῳ
1069 992 1128 1055 τινὶ

113 1092 186 1153 ίόστε
209 1092 302 1153 είπεῐν
325 1097 386 1164 τοῖς
408 1091 441 1153 ἐν
459 1100 495 1177 τῇ
514 1092 608 1172 πόλει,
630 1092 681 1153 ἴνα
702 1091 908 1174 ἐπιγράψωσιν
924 1093 968 1165 είς
986 1091 1021 1153 τὰ
1038 1090 1128 1173 όπέρ-

112 1194 195 1271 θνρα
213 1188 325 1263 αὐτῶν·
348 1189 476 1272 Χριστὸς
498 1185 568 1269 μεθ’
588 1187 686 1270 ἡμῶν,
709 1199 802 1270 στῆτε.
842 1189 894 1251 καλ
915 1190 1022 1252 τούτου
1044 1212 1128 1270 γενο-

112 1286 205 1365 μένον
235 1288 402 1368 παραυτίκα
433 1287 560 1349 ἔπαυσεν
592 1284 612 1366 η
644 1284 718 1368 όργη
746 1296 799 1349 τοῦ
829 1293 913 1349 θεοῦ.
958 1285 1008 1347 καλ
1031 1285 1127 1367 ,άστηρ
1142 1309 1168 1349 ιο
1181 1307 1259 1352 ιιοιε.

111 1382 211 1463 ἐφάνη
235 1382 324 1465 μέγας
341 1384 385 1459 είς
402 1385 434 1447 τὸ
453 1385 574 1447 δυτικὸν
593 1383 830 1467 μέροςκομητης
847 1384 896 1448 ἐπλ
917 1384 953 1445 τδι
973 1382 1037 1445 άνω
1054 1382 1127 1463 πέμ-

112 1502 180 1541 πων
202 1479 253 1553 τὰς
273 1479 404 1561 ἀκτῖνας,
427 1478 463 1543 δν
485 1481 585 1562 ἔλεγον
603 1483 795 1561 Λαμπαδίαν.
836 1481 887 1543 καλ
910 1482 1063 1561 διαμείνας
1079 1480 1128 1543 ἐπλ

112 1575 225 1657 ἡμέρας
242 1577 292 1639 καλ
314 1578 422 1651 νόκτας
440 1574 471 1639 κ’
490 1581 609 1658 φαίνων
627 1581 732 1662 οίίτως,
755 1579 889 1661 ἐγίνοντο
912 1579 1051 1661 κοσμικαλ
1073 1582 1127 1659 δη-

113 1677 269 1755 μοκρατίαι
291 1674 341 1737 καί
364 1676 456 1755 φόνοι
477 1679 589 1738 πολλοί.
629 1676 680 1738 καὶ
702 1676 774 1758 μετὰ
791 1677 899 1758 χρόνον
918 1678 986 1740 τινὰ
1007 1677 1128 1760 γέγονεν

112 1770 243 1854 άστέρων
266 1774 376 1856 δρόμος
398 1769 453 1852 ἀφ’
474 1774 597 1856 ἕσπέρας
616 1774 673 1850 ἕως
696 1778 785 1856 πρωί,
808 1777 880 1837 ὥστε
902 1778 1016 1850 πάντας
1037 1776 1128 1867 όπερ-
1141 1796 1167 1837 ιο

112 1870 324 1949 εκπλήττεσθαι
341 1870 392 1933 καλ
414 1871 508 1953 λέγειν
527 1872 572 1935 ότι
594 1875 755 1935 πίπτουσιν
778 1874 810 1934 οί
829 1872 955 1956 άστέρες.
994 1872 1045 1934 καλ
1063 1868 1124 1952 μετ’

113 1965 213 2048 ὀλίγον
244 1969 333 2030 πάλιν
366 1968 382 2031 δ
413 1970 497 2048 ἥλιος
528 1969 616 2051 χωρίς
648 1969 778 2031 ἀκτίνων
808 1969 945 2048 ἐφαίνετο
978 1969 1074 2050 ὥσπερ
1107 1967 1127 2049 η

113 2065 230 2144 σελήνη.
271 2065 393 2145 πόλεμοι
416 2065 449 2129 δέ
471 2066 521 2128 καί
544 2066 627 2128 νόσοι
650 2065 702 2127 καλ
723 2067 853 2128 θάνατοι
874 2072 936 2139 τοῖς
953 2065 1128 2148 ἀνθρώποις

113 2163 168 2224 οὐκ
190 2162 350 2226 ἐπέλειπον.

174 2247 268 2321 Ἦλθε
297 2258 329 2321 δέ
356 2259 406 2321 καλ
432 2260 465 2322 ἐκ
492 2259 548 2340 τὴν
575 2262 664 2323 δόσιν
685 2259 848 2341 άνθρωπος
877 2260 1071 2341 κωμοδρόμος
1095 2261 1128 2323 ἐν
1142 2282 1169 2323 ιο

112 2380 326 2389 ..—--—

185 2443 272 2492 4-10
291 2440 326 2507 η.
341 2438 407 2493 Mal.
419 2457 448 2509 p.
463 2446 524 2507 442,
541 2446 574 2494 18
593 2440 718 2510 Tbeoph.
732 2457 760 2509 μ.
777 2445 836 2509 ιιι,
851 2446 893 2495 22.
914 2472 948 2481 -
969 2446 1074 2494 10-14
1092 2444 1127 2509 cf.

112 2508 180 2563 Mal.
191 2527 221 2578 μ.
236 2515 329 2578 454,0
348 2508 473 2581 Theoph.
484 2529 514 2581 p.
531 2516 589 2576 181,
607 2516 647 2564 14.
669 2543 702 2552 -
723 2517 827 2566 14-16
845 2514 880 2581 cf.
895 2512 961 2567 Mal.
972 2529 1002 2582 p.
1018 2518 1078 2580 472,
1094 2517 1128 2566 10

114 2578 429 2650 Theoph.p.1se,2.-
446 2580 942 2652 16-19cfiTheoph.p.202,10.-
957 2590 1054 2655 20-p.
1066 2589 1127 2650 644,

114 2658 147 2707 12
166 2653 200 2720 ef.
215 2651 281 2706 Mal.
295 2670 322 2724 μ.
338 2658 399 2721 453,
415 2659 447 2707 15
467 2653 591 2723 Theoph.
603 2671 632 2723 p.
648 2660 710 2723 224,
726 2659 759 2708 16
778 2654 833 2709 Leo
853 2654 898 2710 Gr.
910 2672 939 2725 μ.
956 2661 1016 2722 130,
1032 2662 1055 2708 1.

185 2792 199 2839 1
220 2787 363 2857 βομβῶνος
376 2786 427 2841 BL
446 2786 583 2860 βομβόνος
596 2788 629 2842 A.
646 2820 680 2829 —
699 2790 759 2845 όΑ
772 2790 850 2844 verbo
869 2789 1064 2860 φοβερώτατος
1083 2788 1127 2841 de·

113 2857 170 2923 ficit
192 2857 217 2910 A
239 2862 370 2927 quattuor
394 2858 472 2924 foliis
498 2860 640 2915 intercisis.
666 2892 699 2900 -
725 2866 759 2932 ,¹¹
785 2856 901 2930 κομίτης
922 2857 1069 2913 DGPRV.
1094 2889 1128 2899 -

116 2934 147 2981 13
166 2930 366 2998 δημοκρατεῖαι
384 2926 464 2999 (-είαι
482 2929 540 3000 GP)
559 2929 642 2985 BOP.
668 2962 702 2970 -
728 2935 761 2984 17
781 2928 902 2993 άκτίνως
922 2929 943 2984 Ο
965 2930 1080 2991 ἀκτῖνος
1096 2928 1127 2982 Ρ.

113 3030 147 3039 -
171 2998 332 3067 l‘tpoewst
355 2999 471 3071 ἐφεγγεν
494 3001 525 3055 Β.
554 3033 588 3041 -
617 3007 650 3056 19
675 3004 726 3056 οὐκ
750 3000 881 3057 ἐπέλιπον
902 3000 952 3053 BL
976 2996 1041 3055 οὐδ’
1059 2998 1129 3062 ὅλως

115 3069 249 3125 ἐλιπονῖ
267 3071 301 3124 οά
320 3071 519 3127 διακατίλιπον
533 3072 565 3127 R.
581 3104 615 3113 —-
631 3078 665 3127 20
686 3073 716 3127 ἐκ
734 3072 787 3141 τὴν
805 3072 887 3127 δόσιν
901 3070 1011 3125 DEGP
1030 3071 1060 3126 ἐκ
1078 3078 1129 3141 τῆς

115 3141 218 3202 δόσεως
235 3140 350 3195 BOMR
373 3142 430 3198 άπὸ
448 3150 498 3213 τῆς
516 3144 620 3206 δόσεως
638 3144 672 3197 V.
693 3174 726 3184 -
745 3141 920 3213 κομοδρόμος
938 3140 1028 3195 GNP.

115 3272 145 3327 ἐκ
162 3271 307 3345 βουβόταν
325 3273 486 3329 θανατικὸν
503 3281 594 3343 μῆνας
611 3274 641 3328 δ’
658 3275 709 3345 οὐχ
727 3269 812 3341 ἧττον
830 3274 859 3329 Ρ.
880 3306 913 3314 -
933 3279 950 3327 3
968 3274 1070 3343 ταότης
1087 3275 1128 3339 εἰς

115 3343 256 3414 ἐξάλειψιν
265 3345 295 3398 Ρ.
306 3376 340 3385 -
357 3351 390 3399 10
404 3347 536 3413 παρενθὺ
550 3345 580 3399 P.
591 3375 624 3385 -
635 3350 669 3399 13
683 3343 855 3415 φαινόμενος
868 3344 898 3398 Ρ.
908 3376 943 3385 -
958 3342 1085 3414 ἐγίνοντο
1096 3346 1127 3399 Ρ.

115 3445 148 3455 -
168 3420 201 3470 14
219 3418 343 3471 πλείστου
360 3416 390 3470 P.
414 3447 448 3457 -
474 3422 507 3471 15
530 3416 634 3485 δρόμος
658 3417 747 3479 πολδς
768 3413 822 3485 ἀφ’
838 3415 1070 3486 PMaLTheoph.
1092 3448 1127 3457 —

116 3490 147 3538 17
166 3484 310 3559 ἐφαίνετο]
330 3487 493 3559 ἐστάγναζεν
511 3487 668 3557 PThooph.
693 3519 727 3528 -
752 3493 856 3542 17-19
876 3486 967 3555 ὥσπερ
990 3486 1008 3613 2
1028 3486 1127 3555 σελήνη

115 3556 163 3611 τὸν
182 3556 311 3612 ἐνιαυτὸν
336 3556 399 3613 όλον
423 3558 544 3626 ἐκεῖνον,
568 3558 599 3613 ἐν
618 3579 639 3631 ῳ
658 3558 722 3613 ὀίίτε
744 3557 864 3628 πόλεμος
886 3558 950 3614 οότε
973 3579 990 3614 ν
1008 3575 1056 3621 σος
1078 3558 1129 3611 καλ

114 3626 241 3689 οάνατος
259 3626 460 3698 ἐπιφερόμενος
476 3639 537 3694 τοῖς
555 3630 721 3699 ἀνθρώποις
738 3630 882 3686 ἐπέλειπεν
900 3628 1058 3699 PTheoph.
