2617 3909
195 226 261 291 384
502 228 689 281 rmpmon
706 229 889 280 nomon

194 397 245 435 τον
272 372 322 435 καί
349 374 384 435 τά
411 375 505 454 νήπια
531 374 579 437 ἐπλ
606 384 659 455 τῆς
685 384 741 457 γῆς
767 376 906 457 ἐρασσον,
934 374 1052 457 ὀρόβοις
1079 375 1112 438 δέ
1134 377 1206 450 τοὺς

194 470 307 552 πόρους
325 481 384 533 τῶν
402 472 525 534 αἰδοίων
543 472 641 534 αὐτῶν
660 471 872 554 ἐμφράττοντες
889 472 938 535 καί
956 474 1079 556 ῥάβδοις
1097 472 1206 549 ὀξείαις

193 567 245 643 τάς
263 566 349 651 έδρας
367 579 426 631 τῶν
443 568 559 631 ἀθλίων
578 571 773 652 διεκπερῶντες
789 569 957 652 ἠνάγκαζον
970 571 1044 652 πρὸς
1057 571 1090 633 τό
1109 573 1205 652 δράκα

123 678 125 682 “
194 668 266 745 μίαν
288 665 414 744 ἀλφίτου
437 676 641 747 καταμηνῦσαι
663 666 876 749 κεκρυμμένην.
916 669 994 730 οὕτω
1013 669 1110 743 δεινὸς
1128 671 1204 732 πάν-

167 785 253 826 στων
284 764 449 845 κατεκράτει
480 765 577 845 λιμός,
609 764 682 826 ὥστε
711 766 743 827 οί
772 764 825 845 μέν
852 764 1065 847 ἀκατέργαστον
1091 765 1206 846 ἤσθιον

193 861 245 923 τὸν
267 867 364 941 σῖτον,
392 863 424 924 οί
449 861 481 925 δὲ
504 864 600 943 ζύμην
622 862 826 945 έπιφλέγοντες
849 862 948 945 ὀλίγον
970 870 1011 949 τῷ
1033 863 1106 945 πυρί
1129 871 1204 926 θᾶτ·

192 982 244 1020 τον
266 958 445 1041 ἀνήρπαζον.
486 961 523 1021 οἱ
542 958 575 1022 δέ
596 958 777 1043 ἀπορώτεροι
801 961 906 1042 χόρτου
929 962 1122 1043 σπαράγματα
1144 964 1206 1024 διε·

193 1066 355 1136 μασσῶντο.
392 1058 427 1119 αί
446 1056 478 1119 δὲ
501 1056 621 1140 μητέρες
638 1057 671 1119 ἐν
689 1056 767 1140 χερσί
785 1057 1011 1140 μαραινομένων
1027 1058 1126 1121 αὐτῶν
1144 1070 1205 1122 τῶν

192 1157 313 1237 βρεφῶν
335 1158 557 1237 παρελογίζοντο
580 1155 655 1219 αὐτὰ
678 1154 728 1217 διά
749 1156 805 1237 τὴν
827 1156 1068 1237 ὑπερβάλλουσαν
1086 1159 1156 1237 βίαν
1173 1181 1203 1219 τε

153 1273 179 1315 ιο
192 1251 242 1315 καλ
264 1251 407 1335 ἀνάγκην.
443 1252 576 1335 γέροντες
599 1252 631 1316 δέ
653 1255 704 1317 καὶ
723 1255 786 1318 νέοι
803 1254 853 1317 καί
870 1255 964 1335 νήπια
981 1256 1077 1337 ὥσπερ
1095 1256 1204 1317 εώωλα

191 1350 402 1432 παρερχόμενοι
428 1352 479 1414 καὶ
505 1357 579 1436 λιμῷ
602 1354 759 1433 τηκόμενοι
787 1352 838 1415 καλ
863 1356 1105 1433 καταπίπτοντες,
1132 1354 1204 1428 τοὺς

194 1446 248 1527 μέν
270 1457 504 1521 καταπατοῦντες
527 1450 559 1510 οί
579 1448 746 1511 στασιασταί
768 1450 924 1531 ἐφόνευον,
947 1451 1017 1524 τοὺς
1039 1449 1071 1513 δὲ
1093 1452 1167 1514 έτιέ
1188 1488 1203 1497 -

194 1543 338 1618 πνέοντας
359 1543 409 1606 καί
429 1544 621 1629 ἐρριμμένους
639 1545 689 1607 διά
707 1547 814 1625 ξίφους
831 1545 998 1609 ἀπέκτενον.
1035 1547 1051 1610 ό
1070 1546 1103 1610 δέ
1119 1554 1205 1622 Ἰῖτος

193 1641 259 1723 περὶ
281 1640 333 1713 τὰς
356 1642 511 1723 φάραγγας
533 1642 602 1716 τοὺς
621 1637 785 1717 Ἰουδαίους
807 1642 913 1727 ἀγρίαν
930 1644 1009 1705 πόαν
1026 1645 1069 1718 είς
1086 1647 1206 1726 τροφὴν

154 1761 179 1802 ω
193 1736 389 1820 ἀναλέγοντας
420 1740 637 1820 συλλαβόμενος
667 1741 738 1814 τοὺς
770 1739 824 1821 μέν
854 1743 980 1821 πλησίον
1011 1752 1065 1804 τοῦ
1091 1745 1206 1824 τείχους

193 1835 364 1918 ἐκρέμασεν,
396 1837 466 1910 τοὺς
493 1836 525 1901 δέ
552 1840 764 1919 χειροκοπήσας
790 1839 832 1913 είς
858 1840 913 1919 τὴν
943 1839 1031 1901 πόλιν
1057 1839 1204 1903 ἀπέστειλε

192 1935 374 2014 καταπλῆξαι
396 1934 466 2008 τοὺς
488 1935 660 2010 στασιαστὰς
683 1936 871 2017 βουλόμενος.
916 1948 996 1999 πᾶσα
1018 1936 1051 1999 δὲ
1068 1939 1148 2001 οίκία
1170 1939 1206 2002 έκ
1285 1927 1299 2021 δ’

192 2042 245 2113 τῆς
272 2032 385 2106 ἐνδείας
412 2043 524 2115 νεκρῶν
551 2032 742 2115 πληρουμένη
771 2032 821 2095 καὶ
847 2032 1012 2113 ἀπόζουσα,
1038 2034 1140 2113 λοιμδς
1166 2044 1204 2119 τῇ

192 2129 276 2193 πόλει
298 2131 421 2211 χαλεπὸς
443 2129 615 2211 ἐνέσκηψεν.
654 2132 728 2194 ὅθεν
746 2133 779 2194 ολ
794 2130 961 2192 στασιασταὶ
978 2130 1033 2210 τὴν
1052 2132 1205 2193 δυσωδίαν

152 2251 178 2289 ιο
195 2228 235 2308 μὴ
260 2227 399 2309 φέροντες
421 2228 558 2311 ἔρριπτον
580 2227 638 2291 ἀπὸ
662 2239 715 2292 τοῦ
737 2231 850 2311 τείχους
872 2229 981 2303 αότοὺς
1003 2228 1051 2291 ἐπὶ
1073 2228 1125 2303 τὰς
1143 2231 1204 2309 φά-

192 2350 301 2407 ραγγας
324 2326 365 2387 ἐτι
382 2327 510 2399 πολλοὺς
528 2326 626 2391 αὐτῶν
644 2325 832 2408 ἐμπνέοντας.
868 2329 901 2390 οί
915 2329 1017 2390 τοίνυν
1036 2327 1206 2389 στασιασταὶ

192 2422 250 2486 ὑπὸ
267 2428 361 2503 Ιλιμοῦ
383 2424 547 2503 πιεζόμενοι
558 2426 664 2505 Ιλάθρα
682 2426 757 2509 πρὸς
774 2425 806 2487 τὸ
826 2424 895 2509 όρος
914 2435 973 2487 τῶν
991 2425 1097 2488 ἐλαιῶν
1115 2424 1204 2506 ἐξώρ-
1297 2483 1298 2490 ,

193 2539 305 2601 μησαν,
334 2519 387 2595 οὓς
414 2523 446 2584 οί
467 2516 603 2603 Ῥωμαῖοι
625 2525 857 2598 καταδιώξαντες
878 2524 921 2596 εἰς
943 2522 1045 2603 φυγὴν
1067 2523 1205 2602 ἔτρεψαν.
1297 2611 1298 2614 ¹

190 2614 331 2699 Ῥωμαῖος
354 2618 386 2682 δέ
408 2643 451 2694 τις
473 2630 532 2682 τῶν
555 2620 668 2684 ἱππέων
691 2618 707 2682 ό
730 2620 927 2699 δοκιμώτατος
949 2619 1019 2693 τοὺς
1038 2613 1206 2694 Ἰουδαίους

152 2737 178 2779 τε
193 2714 389 2797 ὠθουμένους
419 2717 493 2779 κατά
519 2728 571 2799 τῆς
598 2720 751 2801 φάραγγος
783 2718 980 2796 θεασάμενος,
1012 2716 1045 2778 ἐκ
1075 2719 1205 2799 πλαγίου

263 2890 394 2958 4—701'.
414 2889 478 2943 Εωε,
498 2890 570 2944 Hist.
591 2890 657 2945 οοοΙ.
677 2890 727 2958 111,
749 2895 778 2957 6,
798 2894 822 2943 3.
846 2920 881 2929 -
905 2894 982 2943 7-8
1001 2891 1036 2943 τό.
1057 2894 1143 2958 6,19.
1167 2922 1201 2930 -

192 2965 279 3014 8-10
294 2960 328 3014 ib.
341 2966 365 3029 6,
379 2966 402 3014 ὃ.
419 2992 451 3000 -
468 2966 570 3015 10-11
586 2963 621 3017 ε’δ.
633 2968 659 3029 6,
671 2968 711 3015 12.
727 2992 760 3001 -
778 2965 879 3013 13-17
894 2960 950 3014 Jofl.
960 2959 1030 3014 Bell.
1041 2959 1074 3028 V,
1084 2966 1136 3014 446
1145 2979 1200 3032 εφη.

194 3062 227 3071 -
249 3036 353 3086 19-21
368 3031 432 3086 Eue.
447 3032 494 3099 ΠΙ,
505 3039 529 3099 6,
546 3038 586 3086 15.
597 3065 631 3073 —
651 3039 746 3101 21-12.
763 3036 824 3099 385,
839 3039 854 3085 9
873 3032 928 3085 Jos.
943 3030 1013 3085 Bou.
1023 3032 1070 3098 VI,
1087 3037 1136 3086 157
1146 3050 1200 3103 εηη.

265 3180 278 3228 1
298 3173 333 3227 τδι
351 3190 401 3229 σοι,
416 3174 450 3227 N.
470 3206 503 3215 -
522 3183 571 3245 της
589 3192 638 3229 om.
654 3175 711 3228 FN.
731 3206 765 3214 —
784 3173 907 3242 ἐράσσων
926 3174 956 3227 Μ
978 3174 1113 3241 έρρασσον
1130 3190 1200 3228 rece.

191 3245 319 3298 nonnulli
340 3244 462 3313 ἤρασσον
484 3245 507 3298 Ε
536 3246 651 3315 έρησσον
670 3246 703 3300 V.
727 3278 761 3286 -
786 3252 801 3298 3
825 3243 1005 3313 διαπερόντες
1028 3245 1053 3298 Α
1080 3252 1105 3299 et
1130 3262 1201 3299 rece.

192 3316 308 3385 quidam
333 3318 553 3385 διαπερονῶντες
575 3318 597 3371 F
625 3315 834 3385 διασπείροντες
860 3316 893 3370 V.
923 3348 956 3356 -
983 3321 1000 3369 4
1028 3320 1127 3379 δεινῶς
1149 3315 1201 3370 CN

192 3390 285 3449 δεινὸς
302 3405 335 3442 σω
351 3389 449 3450 δεινῶς
462 3388 491 3443 L.
512 3421 545 3429 -
566 3393 580 3441 ’ί
600 3387 725 3458 ἥρπαζον
738 3388 772 3441 N.
793 3420 826 3428 —
845 3386 1032 3457 διεμάσσωντο
1046 3389 1071 3441 Α
1089 3387 1201 3456 διεμάσ-

192 3475 274 3512 σοντο
289 3458 318 3511 Μ
336 3461 507 3528 διεμασῶντο
523 3459 607 3514 ODF.
622 3492 657 3500 —
678 3466 710 3514 13
727 3458 897 3514 ἀπέκτεννον
911 3458 965 3511 ΑΜ
984 3457 1156 3513 ἀπέκταινον
1169 3458 1201 3511 Β.

192 3560 225 3569 -·-
245 3538 319 3592 τῑτος
332 3530 456 3585 BFLRV
474 3529 548 3594 τίτος
561 3531 674 3586 ΑΟΕΝ.
691 3564 724 3571 -
746 3535 778 3583 18
792 3530 870 3599 λιμὸς
884 3528 946 3584 CM.
962 3562 995 3569 -
1015 3537 1048 3585 25
1068 3529 1139 3583 κατὰ
1153 3536 1203 3598 τῆς

192 3599 259 3669 φάρ.
277 3600 458 3671 ὠθουμένους
475 3602 509 3655 Ν.
