2617 3909
508 253 699 305 xpomxon
1046 243 1111 317 557

91 401 256 486 γεννηθείς
276 399 390 482 ἐγένετο
408 398 603 482 παμμεγέθης
620 399 746 482 σφόδρα.
788 398 927 473 ὡσαύτως
949 400 999 462 καλ
1022 400 1054 463 ἕν
1077 410 1112 486 τῇ

95 497 203 592 Θρᾴκη
228 499 283 561 δύο
306 500 410 561 παιδία
434 497 656 579 ἐγεννήθησαν,
683 499 716 560 τὸ
742 495 796 577 μὲν
821 498 998 579 τετράπουν,
1025 497 1057 560 τὸ
1081 496 1114 561 δὲ

92 597 266 677 δικέφαλον.
312 595 428 678 λέγουσι
456 594 489 657 δί
516 617 593 672 τινες
615 605 676 657 τῶν
698 596 853 677 ἱστορικῶν
879 595 920 676 μή
947 597 1113 678 προσημαί-

92 720 161 759 νειν
182 694 284 778 ἀγαθὰ
307 699 371 768 ταῖς
393 694 524 773 πόλεσιν,
547 692 580 754 έν
598 687 647 767 αίς
665 691 704 754 διν
726 699 852 774 τεχθῶσι
870 701 998 755 τοιαῦτα.
1040 692 1113 771 ἕφύ-

91 813 193 874 νησαν
215 791 247 856 δὲ
269 792 320 853 καλ
342 792 375 855 ἐν
397 797 437 876 τῷ
455 792 555 878 Νείλφ
578 797 700 876 ποταμῷ
719 788 806 870 ήλίου
829 790 1038 864 ἀνατέλλοντος
1060 791 1113 853 ἀν·
1140 811 1153 852 ε

91 890 305 974 θρωπόμορφα
324 893 383 964 ζῶα
402 890 468 971 δύο,
491 888 569 970 ἀνήρ
587 888 637 950 καλ
655 889 743 970 γυνή,
768 889 842 971 ἅπερ
865 898 998 971 σειρηναι
1021 907 1113 966 προσ-

91 991 287 1072 αγορεύονται
322 985 508 1070 ήδύφθογγα
540 986 621 1048 πάνυ
658 987 708 1048 καί
739 988 949 1069 θανατηφόρα.
999 986 1054 1068 τήν
1081 985 1113 1050 δὲ

92 1087 216 1170 μορφήν
239 1087 338 1169 ἔχουσι
365 1085 398 1148 τὸ
424 1084 478 1165 μέν
501 1084 594 1165 ήμεσυ
616 1083 676 1146 ἀπὸ
699 1090 830 1165 κεφαλῆς
853 1084 952 1167 μέχρις
974 1081 1112 1164 ὀμφαλοῦ

91 1186 272 1268 ἀνθρώπου,
294 1185 327 1248 τὸ
350 1181 382 1245 δὲ
405 1183 511 1246 λοιπόν
533 1191 677 1244 πετεινοῦ.
718 1181 767 1243 καλ
791 1179 881 1262 ὁμέν
899 1181 975 1263 ἀνήρ
998 1179 1112 1262 εύστερ-

91 1309 146 1358 νος
174 1275 213 1363 ήν
240 1281 290 1344 καλ
317 1283 520 1359 κατύπληκτος
543 1280 598 1359 τήν
621 1279 697 1358 όψιν
719 1279 769 1340 καί
791 1280 847 1359 τήν
870 1279 966 1359 κόμην
990 1279 1112 1359 ξανθός,
1127 1300 1153 1340 1ο

92 1380 114 1461 ή
142 1379 176 1443 δὲ
202 1380 280 1462 γυνή
308 1378 419 1459 ὁμοίως
445 1375 582 1460 ὁρωμένη
609 1379 680 1450 τούς
707 1399 736 1438 τε
765 1377 875 1456 μαζούς
902 1371 957 1457 εἶχε
984 1375 1113 1455 καλιήν

94 1476 170 1558 όψιν
193 1476 312 1560 ύτριχον
334 1476 385 1537 καλ
407 1475 463 1554 τὴν
485 1475 582 1554 κόμην
604 1477 743 1564 βαθεῖαν.
785 1474 802 1537 ό
825 1473 857 1537 δὲ
877 1475 948 1547 λαός
967 1474 1037 1554 μετὰ
1060 1481 1113 1536 τού

93 1576 230 1657 ύπύρχου
252 1575 456 1654 θαυμάζοντες
479 1573 579 1655 ὅρκοις
605 1573 730 1652 ἔβαλλον
753 1572 847 1634 ἐκεῖνο
871 1571 903 1634 τό
926 1570 1113 1654 ἀνδρόγυνον

94 1674 136 1754 μή
164 1678 324 1735 καταλῦσαι
350 1671 407 1750 τήν
437 1671 585 1752 θεωρίαν,
612 1669 684 1752 πρίν
715 1668 753 1731 δν
780 1671 889 1744 πάντες
916 1668 1114 1753 ἕμφορηθῶσι

93 1782 146 1852 τῆς
172 1771 344 1851 παραδόξου
370 1769 479 1847 ταύτης
506 1766 588 1842 θέας.
634 1768 685 1830 καὶ
709 1770 747 1850 δή
771 1768 871 1851 μέχρις
893 1768 973 1850 ὥρας
995 1764 1033 1829 θ’
1055 1778 1113 1841 πᾶς
1127 1787 1153 1830 ισ

95 1866 111 1929 ὁ
134 1868 205 1941 λαὸς
227 1867 395 1947 ἐθαύμαζεν
416 1865 495 1949 δρῶν
517 1865 553 1928 τὰ
576 1868 635 1940 ζῶα
658 1876 759 1947 ταῦτα,
785 1865 835 1928 καὶ
859 1867 936 1928 οὕτω
959 1867 1048 1927 πόλιν
1071 1866 1113 1938 είς

93 1967 146 2029 τὸν
172 1964 306 2044 ποταμὸν
333 1963 506 2025 κατέδυσαν.
551 1965 666 2026 τούτων
691 1961 723 2025 δὲ
750 1964 980 2025 καταθυσάντων
1006 1962 1112 2043 κορκό-
1125 1984 1165 2027 σεε
1179 1983 1211 2024 M,

95 2066 180 2143 δηλοι
207 2061 407 2134 ἀναδύσοντες
434 2060 484 2122 καλ
511 2061 732 2141 ἐκπηδήσαντες
759 2061 886 2134 πολλοὺς
910 2069 969 2121 τῶν
992 2059 1113 2141 ἀνθρώ-

93 2184 160 2222 πων
183 2158 369 2240 διέφθειραν.
415 2156 511 2239 όγύρ
528 2181 574 2219 τοι
597 2158 779 2239 κορκόδηλος
802 2158 914 2240 θηρίον
936 2155 1014 2218 ἐστίν
1037 2154 1112 2236 δμού

168 2318 236 2366 1-4
255 2312 290 2378 τί.
310 2310 435 2378 Theoph.
450 2328 480 2380 μ.
497 2315 557 2375 272,
577 2315 619 2364 61,
639 2342 674 2350 -
694 2316 763 2364 4-6
782 2317 807 2365 et
826 2315 912 2364 9-17
931 2311 965 2377 cf.
985 2309 1110 2380 Theoph.

92 2403 120 2456 γ.
136 2388 197 2451 280,
213 2387 254 2436 20.
276 2413 308 2421 -
330 2385 435 2450 19-φ.
451 2385 512 2447 668,
528 2386 561 2434 17
576 2380 705 2434 Eustath.
720 2380 851 2435 Antioch.
866 2381 897 2433 in
910 2380 1110 2435 Hoxaemeron.

95 2455 193 2524 Migne
211 2453 288 2506 Tom.
305 2456 348 2520 16,
363 2451 448 2505 ’166Β
466 2452 563 2507 ordine
580 2452 695 2507 inverso.

166 2584 179 2631 1
200 2576 331 2637 ὡσαύτως
353 2576 402 2630 καλ
419 2574 496 2629 ABP
519 2576 650 2637 ὡσαύτως
674 2577 705 2630 δὲ
728 2576 777 2630 καλ
800 2576 859 2630 rell.
885 2607 919 2616 —
943 2581 958 2628 6
978 2580 1033 2641 ζῶα
1057 2575 1109 2631 δύο

92 2648 168 2704 ΑΒΡ
191 2649 244 2702 δύο
262 2651 319 2712 ζῶα
336 2645 397 2700 rell.
417 2678 452 2686 -
470 2653 584 2736 στρήναν
601 2646 627 2700 Ι)
645 2652 712 2702 νιλ
737 2645 849 2716 σιρήναι
868 2645 917 2700 AG
941 2643 1046 2716 σιρίναι
1064 2647 1109 2700 ΙιΡ

95 2727 219 2789 σειρήνες
237 2716 265 2772 C.
285 2749 319 2758 -
343 2718 410 2772 8τδ
429 2717 480 2786 μὲν
498 2735 583 2787 ημισυ
606 2733 656 2773 ονε,
676 2716 734 2772 RV.
759 2751 793 2758 —
818 2717 969 2787 ὀφθαλμοῦ
988 2717 1050 2772 DG.
1075 2749 1109 2757 —

94 2797 177 2847 10.11
197 2788 405 2858 κατύπληκτος,
423 2787 441 2856 ἡ
464 2789 496 2844 δὲ
514 2788 586 2860 γονὴ
603 2788 655 2858 τὴν
674 2788 744 2860 όψιν
762 2790 811 2844 καλ
828 2789 879 2859 τὴν
897 2787 987 2858 κόμην
1006 2787 1108 2855 ξανθή,

96 2860 198 2932 ὁμοίως
211 2861 259 2915 καλ
274 2859 288 2914 ὁ
304 2859 385 2927 ἀνήρ,
403 2858 469 2922 τούς
481 2879 510 2914 τε
525 2860 629 2929 μαζούς
642 2855 698 2930 εἶχε
711 2860 771 2914 RV.
786 2892 820 2900 —
841 2867 874 2914 13
890 2859 1012 2929 ἐπάρχου
1027 2858 1107 2912 PRV.

91 2965 125 2975 -
149 2933 249 3004 ἔβαλον
271 2930 351 2984 BLR.
376 2962 409 2970 -
435 2936 468 2983 14
491 2931 559 3000 πρὶν
583 2928 620 2986 ἂν
643 2931 747 2994 πάντες
769 2930 845 2984 ΑΒΡ
871 2930 939 2996 πρίν
962 2928 1109 2990 πύντεςλῖ

92 3005 157 3073 πρὶν
176 3002 299 3066 ἅπαντας
316 3001 376 3056 rell.
394 3031 428 3041 —
449 3006 482 3055 16
500 3005 619 3071 θεωρῶν
637 3000 696 3057 RV.
717 3034 750 3043 -
772 3006 805 3055 17
824 2998 991 3071 κορκόδηλοι
1008 2998 1110 3054 AGLP

94 3075 165 3144 (περὶ
184 3082 234 3129 τοῦ
252 3071 426 3140 κορκοδήλου
444 3089 496 3144 ηιμ.
516 3073 547 3143 C)
570 3071 745 3141 κροκόδειλοι
765 3075 868 3142 (·δηλοι
887 3070 947 3140 OD)
966 3069 1025 3124 rell.
1044 3072 1109 3126 item

92 3164 116 3202 ν.
132 3152 163 3201 19
182 3152 251 3214 etp.
268 3148 392 3211 668,13.
411 3175 445 3184 -
466 3149 499 3198 18
518 3144 713 3208 αναδύσαντες
731 3145 779 3200 καλ
798 3161 848 3198 ουτ.
864 3143 885 3196 L
905 3144 950 3218 (ef.
969 3143 1048 3210 infra
1065 3141 1106 3212 P).

94 3248 127 3259 -
150 3221 182 3270 19
201 3212 307 3286 θηρίον
326 3215 383 3270 ἐστὶ
401 3212 472 3285 μέγα
490 3214 561 3284 ὁμοῦ
579 3216 629 3270 καλ
647 3215 732 3286 ἰχθύς
749 3215 807 3269 ἀπὸ
825 3213 884 3268 RV.

162 3345 237 3393 1πα
278 3337 391 3409 εγίθης]
410 3337 495 3408 μέγας
512 3337 542 3392 Ρ.
563 3371 595 3379 -
617 3345 632 3393 6
658 3356 710 3408 σιρ.
730 3337 781 3408 μὲν
801 3336 1059 3407 προσαγορεύονται
1077 3336 1107 3389 Ρ.

93 3443 127 3452 -
150 3410 217 3464 6τδ
240 3412 257 3465 δ
294 3409 425 3464 κάτωθεν
448 3406 533 3477 ἥμισυ
555 3419 686 3465 πετεινοῦ
704 3408 734 3464 Ρ,
759 3441 792 3451 -
820 3413 853 3463 10
873 3410 940 3463 Post
962 3405 1109 3472 ξανθόςΡ

93 3481 171 3535 πόδε
188 3480 237 3534 καλ
252 3477 412 3550 μιξοπόλιος
425 3479 475 3534 τόν
488 3481 611 3550 πώγωνα
628 3481 678 3536 καλ
693 3478 770 3552 μέχρι
785 3487 835 3549 τῆς
849 3479 955 3547 ὀσφύος
969 3497 1108 3548 γεγυμνω-

95 3551 176 3621 μένος
193 3552 239 3605 καλ
259 3549 390 3617 θπερύνω
409 3559 460 3605 τοῦ
475 3549 579 3615 ύδατος
598 3550 770 3622 φαινόμενος
788 3552 832 3620 (cs.
848 3550 973 3620 Theoph.
989 3551 1006 3604 l.
1022 3551 1058 3616 λ).
1073 3577 1108 3588 -

96 3627 198 3677 17-18
216 3619 381 3676 κατέδυσαν.
411 3621 440 3687 ἐξ
459 3616 493 3675 ού
512 3624 560 3676 καλ
579 3643 655 3692 κορκ.
672 3621 880 3692 ἐκπηδήσαντες
896 3621 1015 3681 πολλοὺς
1033 3618 1063 3672 Ρ.

890 3709 942 3762 42·
