2617 3909
183 236 250 302 484
498 237 884 290 νυοοοτουπουλτου

182 384 310 465 πόλεμον
332 386 394 465 ἅμα
415 391 478 460 τοῖς
500 385 592 448 αύτού
615 384 822 466 στρατοπέδοις
843 391 1044 466 κατεπονεῖτο,
1070 386 1141 460 τούς
1165 384 1200 448 δὲ
1293 384 1295 437 ἕ

182 484 304 558 λοιπούς
335 493 395 546 τῶν
427 482 478 557 τὰς
509 478 561 546 ὑπ’
587 483 681 548 αύτὸν
706 484 806 558 πόλεις
831 483 882 546 καί
908 486 1004 565 χώρας
1030 484 1201 548 οἰκούντων

182 583 286 654 δεινῶς
314 578 330 641 δ
358 579 441 661 λιμός
468 605 497 644 τε
522 582 584 661 ἅμα
605 581 655 643 καί
679 579 695 642 δ
718 583 820 661 λοιμδς
841 581 1020 663 κατίτρυχεν.
1065 582 1116 644 καὶ
1139 607 1200 661 μν-

180 679 241 761 ρίοι
267 678 322 759 μὲν
349 679 508 760 ἐτύγχανον
535 681 567 742 υί
591 679 665 742 κατὰ
687 679 775 742 πόλιν
796 681 993 760 θνήσκοντες,
1020 682 1140 753 πλείους
1165 679 1199 742 δέ

155 778 214 840 τοί
238 776 312 840 κατά
340 775 451 859 ἀγρούς
477 776 527 840 καί
548 779 649 858 κώμοις
671 776 811 840 ἀπόντων
834 777 938 859 σχεδὸν
960 788 1074 860 τροφῆς
1096 777 1199 862 ἐνδείᾳ

180 872 231 936 καί
258 875 395 954 λοιμώδει
423 873 501 960 νόσῳ
527 874 766 958 διεφθαρμένων.
811 875 861 938 καί
883 876 939 958 γὰρ
962 877 992 938 οἱ
1013 873 1069 955 μέν
1090 875 1199 963 χόρτον

181 973 399 1052 διαμασώμενοι
426 972 476 1035 καί
503 973 558 1053 τὴν
580 972 641 1048 ἕξιν
668 973 879 1053 λυμαινόμενοι
906 975 1082 1054 διώλλυντο,
1110 976 1143 1036 οί
1163 972 1198 1035 δὲ

180 1067 394 1149 ἀπεσκληκότες
425 1069 521 1152 ὥσπερ
553 1071 660 1134 εἴδωλα
690 1071 781 1152 νεκρὰ
812 1063 869 1134 ὧδε
897 1070 1015 1134 κάκεῖσε
1040 1086 1197 1154 ψυχορρα·

180 1176 302 1248 γούυτες
324 1168 504 1248 ἐνσειόμευοί
523 1192 552 1234 τε
578 1167 627 1230 καί
649 1171 939 1249 περιολισθαίνοντες
961 1168 1139 1232 κατέπιπτον
1163 1170 1197 1232 έν

141 1287 166 1327 το
180 1271 243 1338 ταῖς
265 1267 426 1345 πλατείαις,
458 1267 531 1330 ὅθεν
554 1266 644 1347 νεκρὰ
666 1266 716 1328 καί
737 1267 837 1349 γυμνὰ
858 1268 979 1347 σώματα
1000 1263 1050 1346 ἐφ’
1071 1265 1196 1350 ἡμέραις

81 1387 119 1428 381
135 1386 164 1425 M.
179 1365 310 1426 πλείοσιν
337 1363 438 1443 ἀταφα
466 1363 654 1447 διερριμμένα
681 1363 757 1426 θέαν
784 1365 904 1447 οίκτράν
930 1389 960 1428 τε
987 1364 1037 1427 καί
1064 1365 1195 1445 ἐλεεινὴν

179 1465 296 1550 παρεῖχε
319 1469 380 1534 τοῖς
403 1460 518 1543 ὁρῶσιν.
564 1460 625 1542 ἤδη
648 1461 681 1544 γέ
703 1485 749 1525 τοι
771 1462 821 1524 καί
843 1473 944 1524 κυνῶν
961 1486 1038 1537 τινες
1060 1463 1195 1545 ἐγίνοντο

179 1561 264 1643 βορά,
288 1559 343 1638 ούχ
365 1560 468 1638 ἥκιστα
491 1558 524 1622 δέ
545 1558 596 1622 καλ
614 1556 630 1619 δ
649 1559 751 1639 λοιμός
772 1561 886 1633 πάντας
908 1561 1009 1634 οἴκους
1032 1560 1194 1641 ἐπενέμετο,

179 1665 299 1718 τοιαῦτα
321 1658 424 1718 τοίνυν
447 1666 499 1736 τῆς
522 1659 699 1736 Μαξιμίνου
722 1660 916 1739 μεγαλαυχίας
938 1657 974 1720 τδι
992 1657 1122 1741 ἐπίχειρα
1143 1659 1195 1721 καί

140 1778 165 1818 τε
179 1763 314 1816 τοιοῦτον
345 1754 438 1816 αύτού
469 1754 501 1816 τὸ
534 1755 684 1836 δύσμορον
715 1753 804 1828 τέλος.
852 1755 886 1818 ἐν
912 1756 1004 1840 στήλη
1034 1755 1090 1838 γὰρ
1118 1751 1190 1818 καθ’

179 1848 265 1930 ἡμῶν
294 1851 462 1935 ἀνέγραψεν
489 1851 530 1927 ὡς
555 1862 731 1934 χριστιανῶυ
754 1854 873 1914 πάντων
895 1852 1130 1936 ἀναιρεθέντων,
1153 1853 1194 1927 ὡς

178 1947 265 2033 ᾤετο,
291 1951 389 2030 πάσης
416 1951 562 2030 εὐθηνίας
588 1973 618 2012 τε
645 1950 695 2012 καί
718 1951 874 2033 εὐκρασίας
896 1946 1086 2031 ηῬωμαίοιν
1109 1958 1194 2014 πολι-

178 2048 240 2110 τεία
266 2048 476 2128 πλησθήσεται.
528 2039 574 2112 διδ
602 2047 651 2110 καὶ
682 2048 767 2128 λιμὸς
797 2047 849 2110 καλ
875 2050 975 2128 λοιμὸς
1002 2049 1053 2111 καί
1081 2050 1194 2131 αὐχμὸς

178 2146 228 2208 καὶ
247 2156 307 2209 πᾶν
331 2147 348 2208 ό
366 2171 393 2208 τι
411 2139 467 2209 οὖν
487 2146 546 2209 ἐστι
564 2146 658 2208 κακὸν
682 2147 777 2208 εἰπεῖν
795 2145 864 2220 τοὺς
882 2144 1064 2227 ἀνθρώπους
1088 2153 1193 2227 μετηλ-

139 2268 165 2308 ευ
179 2250 246 2325 θεν,
269 2243 309 2318 ὡς
331 2246 451 2326 εἴρηται.

243 2344 453 2405 Κωνσταντίυυ
467 2342 500 2406 δὲ
517 2353 571 2406 τοῦ
588 2340 801 2420 ἐπικληθέντος
814 2345 941 2422 Χλωρού
959 2340 1010 2402 διὰ
1027 2341 1082 2421 τὴν
1101 2340 1193 2424 ώχρό-

177 2461 250 2516 τητα
272 2449 324 2502 τοῦ
347 2441 508 2522 προσώπου
531 2440 765 2521 τελευτήσαντος,
789 2437 804 2500 δ
828 2437 893 2512 υίὸς
916 2439 1008 2501 αύτοῦ
1030 2443 1192 2502 Κωνσταν-

178 2541 258 2608 τῖνος
289 2537 344 2616 τὴν
375 2535 469 2618 ἀρχὴν
501 2535 655 2611 διεδέξατο.
701 2534 737 2598 ὃν
764 2537 797 2599 ἐκ
827 2539 967 2618 πορνείας
993 2541 1195 2618 γεγεννῆσθαί

177 2656 254 2706 τινες
271 2642 377 2694 τούτου
395 2634 525 2706 εἰπόντες
542 2633 706 2715 ἐλέγχονται
724 2644 828 2713 σαφῶς
841 2633 900 2696 ἀπὸ
915 2635 1070 2716 διαφόρων
1084 2635 1191 2716 ἐξηγη-

251 2811 363 2862 15—20
386 2804 461 2875 Epit.
486 2805 552 2860 eccl.
576 2807 610 2874 ef.
632 2805 698 2860 Exc.
722 2806 785 2860 Bar.
810 2808 855 2876 (ex
877 2804 941 2860 Eue.
965 2805 1016 2875 IX,
1038 2811 1067 2873 ’λς
1092 2810 1127 2877 8).
1154 2839 1191 2848 -

177 2883 283 2948 ²2-P·
298 2882 360 2946 485,
376 2883 412 2932 1?
430 2876 504 2946 Epit.
520 2876 586 2930 eccl.
601 2879 636 2944 cf.
651 2877 777 2947 Theoph.
788 2894 818 2948 γ.
835 2881 877 2945 18,
892 2883 916 2931 9.

249 3044 265 3091 2
284 3035 333 3092 ὑπ’
346 3040 439 3094 αύτών
451 3036 587 3092 ABGFN.
604 3070 637 3078 —
652 3043 669 3091 3
684 3037 843 3109 κατέτρεχεν
855 3038 886 3092 Μ
902 3036 1065 3109 κατέτρεχεν
1078 3037 1139 3091 BR.
1155 3070 1190 3079 -

177 3115 194 3164 4
208 3109 335 3180 ὑπῆρχον
349 3109 383 3164 N.
394 3142 427 3150 -
444 3115 458 3164 7
473 3110 682 3179 διαμασώμενοι
696 3107 797 3164 GDFP
813 3111 1038 3179 διαμασσώμενοι
1047 3108 1191 3165 ΑΒΕΜΒ

177 3180 395 3250 διαμασσόμευοι
413 3181 468 3236 LV.
485 3213 517 3223 -
539 3187 571 3235 13
589 3179 621 3236 δέ
640 3181 689 3237 καί
707 3179 786 3235 δΑΡ
802 3200 833 3235 τε
850 3181 900 3236 καί
917 3179 933 3235 ό
950 3181 973 3233 Β
992 3181 1023 3236 δέ
1043 3179 1058 3233 δ
1076 3179 1136 3235 roll.
1155 3212 1189 3222 —

176 3251 255 3322 λιμὸς
269 3253 333 3306 ΒΜ.
349 3286 382 3294 -
403 3259 436 3307 18
450 3253 545 3322 λοιμός
558 3253 607 3306 καὶ
619 3253 698 3320 λιμὸς
712 3251 775 3307 OM.
788 3284 821 3292 —
836 3257 870 3306 23
884 3256 1054 3322 γεγενῆσθαι
1069 3253 1190 3321 (-εῖσθαι

176 3322 245 3392 ΕΜ)
264 3321 352 3378 GEN.
373 3357 406 3365 -
425 3329 467 3378 23.
478 3331 512 3379 24
531 3320 719 3394 γεγεννῆσθαί
736 3342 811 3386 τινες
827 3331 927 3380 τοῦτον
945 3322 993 3378 PR
1016 3342 1072 3393 γιγ,
1088 3322 1190 3377 τοῦτόν

176 3413 251 3457 τινες
263 3394 368 3449 ADEV
385 3404 485 3450 τοῦτον
494 3413 555 3518 χεγ.
569 3413 644 3456 τινες
657 3393 712 3448 OM
729 3413 785 3464 γεγ.
800 3403 900 3450 τούτου
918 3396 979 3464 (ουτ.
994 3396 1077 3462 τινες)
1090 3394 1113 3448 Β
1131 3414 1188 3464 γεγ.

177 3485 251 3528 τινες
268 3469 328 3536 (ουτ.
343 3469 452 3536 τούτου)
471 3466 493 3519 F
519 3509 524 3519 .

181 3587 184 3596 Ι
248 3601 283 3671 114
300 3617 336 3672 τδι
354 3614 466 3688 πίχειρα
484 3615 507 3669 Ρ
517 3615 610 3686 (Εἶτα).
