2617 3909
170 243 235 307 566
485 242 672 293 Γυοεοιοε
689 242 872 293 Momm

169 390 373 472 εὐτυχέστερον
391 389 446 468 τήν
465 389 616 470 βασιλείαν
634 386 751 469 ἀβλαβῆ
771 388 852 470 παρὰ
869 396 929 449 τῶν
947 388 1096 466 πολεμίων
1114 388 1189 449 ίθύ-

169 514 231 551 νων
254 488 389 569 ἐτέλεσεν,
413 496 465 549 τοῦ
488 493 564 548 θεοῦ
587 486 776 560 ἐκδικοῦντος
799 486 900 566 αὐτόν,
922 484 973 547 καὶ
996 486 1090 565 μάχας
1112 485 1190 547 άνα-

170 587 337 669 ριθμήτους
363 584 413 646 καὶ
440 585 526 657 νίκας
553 582 696 657 ἀπίστους
723 582 838 657 ἐδέξατο
866 582 994 656 πολλοὺς
1016 580 1191 663 βαρβάρους

169 684 322 765 διαφόρως
344 681 465 744 άνελών.
505 680 625 760 Οὐάλης
648 680 681 742 δέ
699 679 715 742 δ
733 687 818 753 θεῖος
841 679 857 742 ὁ
875 679 927 754 σὸς
950 681 1001 742 τὸν
1021 680 1097 741 θεὸν
1120 682 1187 741 δια-

144 782 342 862 τσπαράττων
365 780 465 859 ἐμίανε
487 780 542 859 τήν
561 779 719 858 ἐκκλησίαν
742 776 757 839 δ
776 777 902 859 βέβηλος
925 777 975 838 διὰ
997 787 1049 857 τής
1067 788 1192 859 σφαγής

169 890 228 940 τῶν
256 876 349 958 άγίων
376 876 426 938 καὶ
453 886 506 956 τής
533 877 647 958 ἐξορίας
674 885 734 936 τῶν
761 874 877 957 ἱερέων,
905 872 939 948 ὃς
966 885 1001 960 τῇ
1029 885 1082 936 τοῦ
1109 882 1192 936 θεοῦ

170 976 309 1057 βουλήσει
328 974 387 1036 ὐπὸ
401 984 461 1036 τῶν
474 976 601 1037 Γότθων
618 972 830 1056 πολιορκηθεὶς
843 972 894 1034 καὶ
907 970 1047 1052 ἡττηθείς
1060 972 1192 1053 ἐκαύθη,

170 1073 207 1134 σὺ
231 1066 287 1134 οὐν
310 1073 456 1155 αἰρετικοῦ
471 1070 580 1151 όνομα
606 1073 708 1152 λαβεῖν
735 1069 825 1155 άνέξη
852 1069 950 1133 ἀπιὼν
978 1072 1020 1145 είς
1042 1070 1191 1150 πόλεμον;

171 1169 271 1252 ὀρθῶς
294 1171 344 1233 τὸν
363 1170 493 1253 Χριστὸν
516 1168 594 1249 σέβει
617 1168 633 1231 ὁ
652 1167 763 1243 ἀδίκως
785 1187 817 1230 σε
839 1168 980 1249 ἐκβαλών.
1017 1166 1094 1249 ήσή
1117 1169 1192 1230 άπι·

39 1290 116 1332 ωτω.
131 1290 158 1331 ω
172 1271 237 1330 στία
264 1267 412 1350 εὐχέρειαν
435 1268 568 1351 Μαξίμῳ
597 1267 830 1348 σννεισήνεγκεν.
876 1266 987 1340 ἐκεῖνος
1015 1268 1109 1346 μόνον
1133 1277 1188 1329 τοῦ

171 1365 313 1447 βασιλέως
340 1365 400 1427 ἐστὶ
427 1367 587 1448 τύραννος,
617 1365 654 1425 σύ
687 1363 720 1426 δὲ
751 1364 889 1443 πολέμιος
919 1362 999 1443 ήρξω
1030 1374 1084 1425 τοῦ
1110 1370 1193 1426 θεοῦ
1263 1378 1268 1387 '

170 1464 360 1525 καθεστάναι.
398 1463 482 1524 δώσω
502 1481 548 1524 σοι
572 1463 695 1543 στρατὸν
717 1461 767 1523 καί
789 1461 905 1542 παρέξω
928 1462 1083 1542 βοήθειαν.
1120 1458 1191 1522 ἀλλ”

171 1562 198 1622 εἰ
219 1562 270 1622 τὸν
293 1561 423 1641 Χριστὸν
446 1561 627 1640 βλάπτομεν,
655 1561 721 1621 τίνα
748 1558 987 1640 παρακαλέσομευ
1014 1559 1194 1639 μαχόμενοι;

171 1666 262 1718 ταῦτα
294 1656 344 1717 καὶ
376 1658 465 1718 πλείω
497 1658 610 1719 τούτων
644 1658 831 1737 νουθετήσας
865 1658 1023 1730 Θεοδόσιος
1058 1656 1190 1719 Οὐαλεν-

133 1776 158 1817 ιε
172 1754 306 1817 τινιανὸν
338 1754 380 1828 εἰς
407 1753 463 1833 τήν
492 1752 659 1835 όρθόδοξου
692 1757 790 1816 πίστιν
817 1755 986 1836 μετήγαγεν.
1032 1754 1064 1815 ἐν
1092 1752 1124 1815 δὲ
1152 1762 1198 1839 τῷ

174 1851 252 1937 με’σφ
280 1862 332 1932 της
356 1852 465 1933 μητρὸς
493 1851 585 1914 αὐτοῦ
612 1853 840 1932 τελευτησάσης,
871 1853 1029 1925 Θεοδόσιος
1056 1851 1106 1913 διὰ
1132 1852 1194 1931 τήν

171 1952 270 2011 πίστιν
297 1960 349 2030 τής
377 1951 525 2030 βασιλείας
553 1959 605 2029 τής
632 1951 825 2030 χρηστότητος
851 1947 901 2009 καὶ
929 1959 989 2009 τῶν
1015 1949 1195 2030 εὐεργεσιῶν

172 2052 339 2128 Γρατιανού
359 2047 544 2128 μεμνημίνος
566 2048 608 2121 εἰς
631 2046 750 2126 άμνναν
772 2047 882 2119 πάσαις
900 2056 952 2125 τῆς
970 2045 1116 2126 άνατολής
1134 2047 1192 2107 δυ-

172 2148 296 2225 νάμεσιν
318 2146 433 2221 ἐξαίξας
454 2146 602 2225 ἐξεδίκησε
627 2145 797 2207 τὸδίκαιον
820 2139 892 2223 αἷμα
914 2144 963 2204 καὶ
985 2144 1037 2207 τὸν
1058 2143 1193 2206 Οὐαλεν·
1259 2206 1261 2209 .

133 2266 160 2305 εο
174 2245 307 2305 τινιανὸν
321 2242 550 2323 άπεκατέστησεν
568 2241 616 2304 ἐπὶ
630 2242 686 2321 τήν
699 2243 851 2321 βασιλείαν
864 2240 997 2321 ἐκβαλὼν
1011 2241 1066 2320 τήν
1079 2265 1192 2322 τυραν·

172 2342 249 2401 νίδα.
296 2340 385 2414 αὐτὸς
413 2338 445 2401 δὲ
473 2339 544 2418 μετὰ
570 2348 662 2400 ταῦτα
688 2338 832 2401 εἰσελθὼν
853 2338 895 2413 εἰς
921 2339 977 2419 τήν
996 2334 1112 2418 Ῥώμην
1138 2337 1194 2399 καὶ

173 2438 377 2516 θριαμβεύσας
399 2437 455 2516 τήν
477 2439 566 2515 νίκην
589 2437 632 2510 εἰς
654 2437 710 2517 τήν
733 2438 813 2498 ίδίαν
836 2437 986 2516 βασιλείαν
1009 2436 1194 2515 ἐπανῆλθεν.

247 2620 350 2667 15-22
369 2615 460 2668 Rufin.
475 2614 509 2681 Π,
525 2620 566 2671 17.

248 2761 261 2809 1
277 2756 326 2810 καὶ
340 2757 448 2847 ἀβλαβῆ
459 2755 506 2808 FV
516 2755 581 2810 Exn.
593 2788 626 2797 -
641 2764 658 2810 4
669 2754 814 2826 διαφόρως
827 2756 875 2809 ΑΒ
885 2755 950 2810 Exo.
970 2756 1019 2810 καὶ
1033 2754 1194 2825 διαφόρους

174 2826 234 2881 rell.
259 2859 292 2868 -
317 2833 333 2880 8
353 2827 442 2896 όνομα
460 2828 553 2899 λαβὼν
572 2827 620 2880 καὶ
638 2828 742 2892 ἀνάξια
760 2837 850 2883 ποιῶν
868 2834 918 2895 τῆς
936 2825 1078 2898 βασιλείας
1096 2826 1195 2895 ὀρθῶς

174 2918 196 2952 τ.
218 2920 260 2971 γρ.
281 2897 372 2971 σέβειυ
396 2901 502 2967 δοκεῖς,
525 2895 641 2968 γίνωσκε
664 2894 716 2952 οὐν
739 2899 776 2960 ὡς
799 2898 816 2967 ἡ
836 2898 869 2968 σὴ
888 2896 1004 2952 ἀπιστία
1022 2898 1052 2951 F.
1086 2897 1190 2962 ἀνάξια

174 2979 263 3025 ποιῶν
278 2988 331 3039 pro
351 2970 435 3043 άυίξη
455 2970 547 3024 ἀπιὼν
565 2970 647 3024 etiam
664 2970 697 3023 R.
718 3000 754 3009 —
778 2976 793 3023 9
813 2968 878 3039 σέβη
897 2968 952 3021 ΑΜ
975 2968 1084 3040 σέβεται
1102 2968 1189 3022 BRV.

173 3072 209 3081 —
229 3046 262 3094 10
282 3040 410 3113 εὐγέριαυ
429 3041 507 3095 ODF
532 3037 643 3113 εὐγερία
662 3040 691 3093 Μ
715 3038 876 3108 εὐκαίρειαν
894 3040 920 3093 R
942 3038 1089 3106 εὐκαιρίαν
1102 3039 1133 3093 Ε.
1154 3071 1188 3079 -

175 3110 260 3180 μόνος
278 3112 303 3165 Α
325 3118 414 3182 μόνου
433 3113 463 3167 L.
483 3145 517 3153 —
542 3118 575 3165 12
594 3112 706 3180 παρέξω
725 3129 769 3166 σοι
788 3112 868 3165 codd.
883 3118 994 3180 praeter
1010 3111 1058 3163 ΑΒ
1069 3110 1134 3164 Exn.
1154 3142 1189 3151 —

175 3188 209 3235 13
226 3181 395 3306 βλάπτωμεν
418 3183 499 3239 ACF.
529 3216 563 3224 -
590 3181 826 3252 παρακαλέσωμεν
853 3181 992 3237 AGDEF.
1021 3177 1118 3235 -'14
1140 3182 1190 3235 καλ

174 3256 224 3307 πλε
238 3274 259 3305 ω
283 3254 389 3308 τούτων
411 3255 460 3307 ΑΒ
487 3255 536 3309 καὶ
561 3254 596 3308 τά
619 3254 726 3308 τούτων
748 3251 865 3308 πλείονα
887 3253 947 3307 rell.
976 3285 1011 3292 —
1040 3258 1073 3307 18
1096 3251 1191 3316 πάσας

176 3326 253 3391 (corr.
273 3340 307 3377 τοι
329 3324 421 3395 πάσης
444 3332 494 3379 aut
515 3324 607 3393 πάσης
628 3342 663 3379 εκ·
680 3324 783 3394 πάσας)
805 3331 856 3393 τῆς
877 3325 922 3378 άν.
942 3323 992 3385 τάς
1013 3322 1147 3392 δυνάμεις
1164 3325 1190 3377 Α

175 3393 268 3456 πάσας
291 3394 340 3455 τὰς
357 3402 406 3463 τῆς
429 3396 473 3450 άυ.
493 3394 628 3464 δυνάμεις
646 3396 668 3447 F
690 3394 784 3456 πάσας
801 3395 851 3457 τὰς
869 3394 1037 3457 άνατολικδις
1055 3396 1191 3463 δυνάμεις

175 3464 241 3517 Exc.
257 3494 292 3503 -
312 3470 343 3518 19
363 3464 474 3530 ίξαίξας
487 3468 587 3535 scripsi
605 3464 705 3530 ἐξάξεις
723 3465 803 3519 codd.
831 3466 900 3520 totis
915 3466 1021 3519 viribus
1043 3466 1191 3535 insurgens

175 3534 299 3658 l}uf.BL-
323 3540 356 3588 20
376 3534 643 3605 όιποκατίστησενλ7
672 3543 697 3589 et
723 3536 840 3602 fortasse
862 3538 887 3589 A
910 3536 1075 3606 κατέστησεν
1098 3537 1130 3589 R.
1155 3568 1190 3576 —

177 3624 216 3668 ες
286 3647 291 3657 .
