2617 3909
526 228 720 328 'gnomon
1069 244 1132 309 769

113 390 233 469 βάλλειν
260 389 303 462 είς
329 388 466 467 ύπήκοον
493 400 552 451 τῶν
580 390 725 471 βασιλέων
755 390 805 452 καὶ
831 401 885 454 τοῦ
913 397 985 453 λαοῦ
1013 394 1134 473 παντός,

113 486 289 548 ἐστασίασαν
316 483 380 548 κατ’
406 488 505 550 αὐτῶν
534 489 566 549 οἵ
590 498 643 550 τοῦ
669 491 880 569 Κοπρωνύμου
909 491 1057 571 σχολάριοι
1084 491 1133 553 καί

113 585 249 665 μαθηταί
280 585 330 647 καί
360 588 568 668 γυμνώσαντες
602 587 701 648 αὐτῶν
733 587 769 648 τὰ
801 588 874 667 ξίφη
906 589 958 650 τδν
990 590 1133 672 σύλλογον

113 683 260 746 διέλυσαν.
297 683 351 758 οὓς
370 685 401 745 οί
416 687 546 765 βασιλεῖς
569 685 676 746 αὐτίκα
696 695 749 765 τῆς
767 686 878 759 πόλεως
901 685 1132 768 ὑπεξαγαγόντες

112 781 243 857 ἀόπλους
266 784 415 863 προφάσει
437 783 562 863 εὐωχίας
584 785 627 858 εἰς
647 783 683 845 τὰ
702 785 867 866 Μαλάγινα
888 784 963 865 πρὸς
985 784 1037 858 τὰς
1056 786 1133 859 ίδίας
1160 808 1172 847 ι

111 880 208 960 χώρας
231 878 342 959 ἀτίμως
370 879 531 960 ἐξήλασαν,
561 879 613 942 τδν
642 880 674 942 δέ
701 888 788 944 θεῖον
814 883 961 964 Ταράσιον
989 883 1046 944 σύν
1072 889 1134 956 τοῖς

110 983 330 1060 προρρηθεῖσιν
348 976 519 1052 ἐπισκόποις
536 978 570 1039 ἐν
586 987 622 1064 τῇ
637 978 778 1042 Νικαέων
797 980 878 1042 πόλει
897 979 1132 1042 ἀποστέλλουσιν.

111 1075 163 1136 καί
182 1073 344 1157 γενομένης
361 1085 414 1154 τῆς
432 1074 519 1158 ἁγίας
541 1076 591 1138 καὶ
610 1078 819 1159 οίκουμενικῆς
841 1078 983 1159 συνόδου,
1006 1078 1132 1160 ἀπέλαβε

110 1175 201 1235 πάλιν
224 1172 244 1253 ή
267 1174 406 1253 ἐκκλησία
429 1173 481 1235 τὸν
504 1174 629 1256 άρχαῖον
651 1175 744 1256 αὐτῆς
767 1176 887 1256 κόσμον.

174 1267 311 1352 Ἑβδόμη
334 1273 462 1345 σύνοδος
484 1271 605 1354 γέγονεν
628 1272 662 1334 ἐν
681 1276 795 1358 Νικαίμ
818 1282 871 1353 τῆς
888 1275 1038 1348 Βιθυνίας
1061 1293 1132 1336 συν·
1146 1297 1173 1336 1ο

109 1375 244 1432 ελθοῦσα
261 1371 294 1432 τδ
312 1371 452 1452 δεύτερον
470 1369 518 1431 τν’
536 1369 671 1450 πατέρων
691 1371 746 1432 έτει
765 1380 817 1450 τῆς
830 1374 1059 1434 Κωνσταντίνου
1082 1372 1131 1434 καί

110 1469 249 1551 Εἰρήνης
277 1477 330 1548 τῆς
356 1468 450 1529 αύτοῦ
478 1468 588 1548 μητρός
610 1470 759 1549 βασιλείας
782 1465 823 1548 η’.
869 1470 978 1548 ταύτης
1003 1467 1130 1552 ἡγοῦντο

110 1565 226 1648 Πέτρος
244 1566 441 1648 πρεσβύτερος
459 1576 513 1627 τοῦ
531 1565 618 1649 ἁγίου
637 1565 804 1628 ἀποστόλου
818 1565 935 1647 Πέτρου
953 1566 1004 1628 καί
1018 1566 1131 1651 Πέτρος

109 1664 307 1746 πρεσβύτερος
325 1663 375 1724 καί
393 1661 559 1746 ήγούμενος
578 1674 673 1744 μονῆς
692 1673 744 1726 τοῦ
762 1663 848 1746 ἁγίου
863 1665 951 1744 Σάβα
968 1664 1020 1726 τὸν
1038 1665 1130 1727 τόπον

110 1761 263 1842 ἐπέχοντες
283 1755 442 1844 Ἀδριανοῦ
466 1763 551 1822 πάπα
571 1756 694 1843 Ῥώμης,
720 1764 865 1846 Ταράσιος
884 1767 1130 1826 Κωνσταντινου-
1145 1787 1170 1826 ιι

109 1860 233 1940 πόλεως,
249 1856 400 1940 Ἰωάννης,
421 1861 568 1942 Γεωργιος
586 1859 637 1922 καί
659 1863 767 1940 Θωμᾶς
790 1860 914 1942 μοναχοί
936 1862 1127 1944 πρεσβύτεροι

109 1957 160 2019 καί
187 1958 385 2040 τοποτηρηταί
412 1969 471 2020 τῶν
497 1957 700 2020 ἁποστολικῶν
726 1959 849 2040 θρόνων
876 1969 930 2038 της
954 1958 1129 2038 ἀνατολικῆς

110 2056 295 2136 διοικήσεως,
313 2065 367 2117 τοῦ
386 2079 414 2117 τε
430 2060 612 2118 Πολιτιανοῦ
628 2052 848 2137 Ἀλεξανδρείας
866 2055 916 2117 καὶ
935 2057 1129 2138 Θεοδωρήτου

106 2149 284 2234 Ἀντιοχείας
302 2152 352 2214 καλ
363 2148 451 2214 Ἡλία
464 2149 689 2236 Ἱεροσολύμων,
706 2152 781 2214 κατὰ
799 2163 852 2234 τῆς
870 2151 972 2238 πριβην
990 2152 1130 2233 άθέσμως

181 2295 261 2343 4-7
288 2290 322 2356 cf.
347 2289 472 2358 Theoph.
497 2307 527 2358 p.
547 2294 613 2357 462,
633 2293 658 2343 5.
687 2321 720 2329 —
749 2295 827 2343 8-9
856 2289 1043 2344 Theosterieti
1069 2290 1129 2344 vita

108 2361 228 2416 Νίσοόιιε
246 2378 287 2430 ομ.
303 2366 345 2414 30.

182 2492 195 2538 1
216 2486 256 2547 εἰς
269 2484 352 2560 ὑπήιε.
367 2485 482 2540 πάντων
496 2493 551 2539 τῶν
570 2487 636 2545 (τῶν
650 2502 702 2540 om.
718 2485 751 2555 E)
770 2504 799 2540 τε
813 2487 875 2556 βασ.
893 2483 1005 2540 CERV.
1024 2517 1060 2525 -
1078 2494 1127 2540 τοῦ

108 2560 179 2611 λαοῦ
197 2555 305 2620 παντός
318 2557 366 2610 AB
384 2556 492 2618 παντὸς
504 2565 555 2610 τοῦ
569 2559 639 2610 λαοῦ
654 2556 715 2610 rell.
731 2589 765 2597 -
784 2561 801 2609 4
820 2555 1001 2626 ἐξαγαγόντες
1015 2557 1077 2610 ΑΜ.
1093 2589 1126 2596 -

110 2634 126 2682 9
149 2627 235 2682 πάλιν
260 2645 310 2683 ονε.
331 2627 394 2681 MV.
423 2659 458 2668 -
484 2628 534 2682 τὸν
558 2626 634 2682 ίδιον
658 2629 746 2696 αὐτῆς
767 2628 816 2681 καί
839 2629 959 2701 ἀρχαίου
981 2626 1127 2698 κόσμονΒ

108 2701 159 2754 τὸν
178 2699 279 2769 ἑαυτῆς
297 2698 403 2768 κόσμον
422 2701 482 2768 (om.
498 2700 628 2770 ἀρχαῖον)
642 2699 675 2752 R.
691 2732 725 2739 —
744 2702 812 2754 Post
825 2698 929 2768 κόσμον
944 2700 992 2754 ΑΒ
1006 2702 1038 2754 in
1051 2705 1128 2754 λεπίσι

108 2772 231 2827 addunt.-
253 2771 310 2825 άπὸ
334 2779 404 2839 γοῦν
426 2778 476 2838 τῆς
494 2769 523 2829 ς’
544 2769 596 2831 ἕως
613 2778 663 2839 τῆς
681 2769 706 2836 ζ’
727 2769 859 2840 (συνόδου
878 2772 941 2825 add.
961 2770 994 2839 B)
1014 2770 1059 2839 έτη
1079 2769 1125 2838 ρκ’

108 2841 167 2912 (ρη
182 2842 223 2911 Β).
252 2843 361 2897 Eadm
376 2843 433 2908 fere
446 2844 477 2896 ιἰι
491 2841 631 2912 πιμΕΙιΝ
644 2858 715 2897 τοτα.
731 2842 867 2912 plerique.
895 2841 1030 2896 Nonnulli
1045 2841 1125 2895 codd.

109 2916 176 2968 anto
199 2913 256 2967 άπὸ
280 2912 414 2967 exhibent
436 2913 556 2974 σύνοδος
578 2912 612 2977 ζ’.
637 2945 672 2953 -
697 2921 730 2967 10
750 2912 854 2984 ἑβδόμη
872 2913 898 2966 Α
921 2911 1024 2984 ἑβδόμη
1048 2912 1080 2968 δὲ
1103 2913 1126 2965 Β

108 2985 178 3055 ήδὲ
197 2984 301 3056 ἑβδόμη
320 2984 380 3038 rell.
405 3016 438 3024 -
462 2986 558 3055 βιθυν.
577 2984 609 3038 τὸ
633 2985 766 3052 δεύτερον
791 2982 986 3039 συνελθόντων
1006 2981 1052 3039 τυ’
1072 3003 1125 3038 πα-

107 3056 195 3125 τέρων
214 3056 245 3109 Β.
264 3087 300 3096 -
322 3061 354 3109 11
373 3054 419 3110 τν’
439 3056 487 3108 ΑΒ
510 3064 567 3110 τῶν
585 3054 630 3110 τν’
646 3055 713 3125 (τξζ’
728 3056 764 3125 R)
782 3055 843 3110 rell.
868 3087 901 3096 --
925 3055 1008 3110 ἔτιΑ
1032 3055 1078 3110 ἐπὶ
1097 3054 1124 3109 C.

104 3161 142 3190 ,-
163 3133 268 3181 11-13
289 3128 343 3182 ἐτει
362 3124 454 3199 ὀγδόῳ
471 3134 521 3194 τῆς
539 3125 682 3198 βασιλείας
700 3145 798 3181 κωνστ.
818 3128 866 3181 καί
885 3127 935 3195 είρ.
956 3133 1004 3194 τῆς
1023 3127 1082 3180 αύτ.
1098 3147 1124 3195 μ.

109 3200 231 3269 ἡγοῦντο
250 3199 281 3253 δὲ
300 3198 402 3267 ταύτης
424 3207 473 3268 τῆς
492 3196 615 3252 συνόδου
633 3198 735 3266 πέτρος
752 3198 880 3269 πρεσβύτ.
898 3194 991 3268 βάμης
1009 3199 1057 3252 καί
1077 3195 1125 3252 πέ-

107 3291 172 3338 τρος
189 3270 224 3324 N.
243 3302 277 3310 -
298 3275 331 3323 13
348 3278 400 3324 τοῦ
418 3268 586 3339 ἁγίου-14
604 3270 791 3340 πρεσβύτερος
809 3287 859 3325 om.
874 3269 906 3322 R.
927 3301 961 3310 -
983 3275 1016 3322 14
1035 3268 1126 3341 σάββα

108 3341 194 3396 BRV.
210 3373 243 3383 -
265 3348 298 3396 15
318 3339 425 3412 ἐπέχων
443 3340 504 3394 BR.
519 3373 554 3381 —
572 3337 710 3408 ταρασίου
729 3362 753 3394 ιι.
768 3361 790 3395 τ.
807 3344 829 3394 λ.
848 3341 933 3410 mque
951 3343 989 3395 ad
1007 3359 1125 3409 τοποτη-

110 3421 202 3482 ρητῶν
215 3413 331 3484 μτπίίίοί
343 3429 410 3467 σασα
422 3415 542 3480 ροσίίιινι
555 3415 587 3466 in
596 3411 629 3465 V.
640 3444 673 3452 —
691 3417 723 3465 16
738 3412 861 3482 μοναχὸς
871 3412 899 3465 N
912 3419 1036 3482 μοναχοῦ
1046 3411 1079 3465 V.
1090 3443 1123 3451 —

109 3490 142 3537 19
156 3482 222 3552 ήλία
233 3485 256 3537 Β
270 3490 374 3538 etrecc.
385 3482 514 3553 plerique
527 3483 607 3551 ήίιοῦ
615 3482 669 3536 NV
677 3483 757 3552 ήίιοῦ
768 3499 839 3538 rece.
847 3483 983 3536 nonnulli.
996 3515 1029 3523 -
1040 3481 1123 3550 ίεροσ.

108 3554 307 3625 συνηθροίσθη
333 3552 386 3610 οόν
409 3555 447 3618 ὡς
470 3553 578 3623 είρηται
600 3553 619 3623 ἡ
643 3553 711 3624 ἁγία
735 3553 804 3623 αῦτη
828 3555 878 3609 καὶ
900 3552 1079 3622 οίκουμενικὴ
1099 3552 1123 3617 ζ’

108 3625 143 3697 (ζ’
159 3643 209 3681 ονε.
224 3627 265 3695 Μ)
284 3627 403 3688 σύνοδος
420 3625 493 3681 κατὰ
511 3626 546 3680 N.

911 3713 964 3767 49*
