2617 3909
164 229 231 293 612
474 230 661 283 mmor
678 230 862 283 nomooe

165 376 211 458 μί’
238 378 370 459 πατέρων
407 375 462 441 ἔτει
498 387 551 459 τῆς
582 381 767 459 Μαρτιανοῦ
803 379 951 459 βασιλείας
982 379 1107 465 πράτφ,
1145 370 1188 458 ής

66 490 105 530 ⁵⁰7
120 490 151 528 Μ·
162 473 294 557 ἡγοῦντο
312 475 444 549 Λέοντος
466 474 521 555 μὲν
543 484 596 538 τοῦ
618 473 782 557 άγιωτάτου
804 476 889 536 πάντα
901 470 1016 555 Ῥώμης
1033 473 1189 556 <τοποτη-

164 571 272 655 ρηταί>
290 575 461 655 Πασγάσιος
483 573 533 635 καί
551 575 734 648 Λουκίνσιος
755 572 911 635 ἐπίσκοποι
933 572 983 634 καί
1000 574 1189 651 Βονιφάτιος

165 673 376 755 πρεσβύτερος,
403 667 570 746 Ἀνατόλιος
602 671 959 751 Κωνσταντινονπόλεως,
985 666 1187 751 Ἰονβενάλιος

138 766 387 851 εἹεροσολύμων,
414 767 488 831 κατὰ
512 769 670 850 Εὐτυχούς
690 777 744 829 τού
769 767 923 849 γεγονότος
949 766 1185 852 ἀργτμανδρίτου

164 866 215 928 καί
237 868 405 948 Διοσκόρου
432 866 587 948 γεγονότος
610 864 774 927 ἐπισκόπου
793 860 1013 949 Ἀλεξανδρείας
1038 867 1102 929 τότε
1124 861 1180 927 ὑπ’

164 965 257 1044 αὐτῆς
288 963 522 1046 καθαιρεθέντος
553 962 594 1038 ὡς
626 961 852 1043 ἀπενεχθέντος
882 969 946 1037 τοῖς
974 961 1075 1046 ὀρθῶς
1106 959 1180 1045 παρ’

164 1061 263 1124 αὐτῶν
289 1060 544 1143 έκφωνουμένοις,
576 1060 722 1143 λεγόντων
749 1061 790 1141 μή
818 1055 896 1123 εἶναι
922 1060 978 1141 τήν
1005 1062 1100 1144 σάρκα
1125 1071 1183 1123 τού

163 1160 270 1239 κυρίου
291 1157 451 1238 δμοούσιον
469 1157 553 1240 ήμῖν,
575 1154 638 1220 ἀλλ’
659 1158 767 1221 ἐκδύο
786 1156 841 1237 μὲν
860 1159 981 1237 φύσεων
999 1158 1054 1239 τήν
1071 1158 1183 1221 ἕνωσιν

120 1278 150 1318 ιο
164 1253 317 1337 γενέσθαι,
342 1258 414 1336 μίαν
437 1254 471 1319 δέ
492 1255 728 1336 ἀποτελεσθῆναι
750 1255 822 1335 μετά
843 1256 900 1335 τήν
922 1254 1043 1337 ἕνωσιν,
1055 1255 1116 1318 καί
1138 1254 1183 1331 ἀς

163 1353 196 1415 έν
215 1356 364 1438 φαντασία
387 1353 442 1434 τήν
465 1355 560 1437 σάρκα
577 1352 703 1434 φορέσαι
724 1352 777 1415 τὸν
798 1354 905 1435 κύριον
927 1354 1182 1435 μυθολογούντων

162 1449 212 1511 καί
235 1460 270 1535 τῇ
289 1452 409 1531 θεότητι
431 1450 571 1530 τὰπάθη
589 1451 826 1533 προσνεμόντων.
863 1449 918 1524 οὓς
939 1450 1116 1525 καθελόντες
1138 1449 1182 1525 ὣς

163 1548 360 1628 βλασφήμους
382 1546 609 1629 ἀνεθεμάτισαν,
631 1548 824 1628 ἐξεφώνησαν
847 1546 880 1610 δέ
900 1547 1010 1612 τέλειον
1031 1549 1106 1612 θεὸν
1128 1548 1182 1611 καὶ

162 1644 272 1707 τέλειον
303 1644 469 1727 ἀνθρωπον
500 1645 551 1707 τὸν
579 1646 671 1709 αύτὸν
702 1645 736 1708 έν
767 1647 823 1708 δύο
850 1646 978 1725 φύσεσιν
1007 1645 1182 1728 ἀσυγγύτως

121 1763 149 1803 τε
164 1741 335 1823 ἀδιαιρέτως
352 1742 405 1805 τὸν
422 1744 528 1824 κύριον
546 1740 632 1822 ήμῶν
649 1742 700 1820 καὶ
717 1744 792 1806 θεδν
807 1738 925 1824 Ἰησοῦν
943 1743 1081 1826 Χριστόν.
1122 1744 1181 1806 δύο

163 1838 196 1900 δὲ
215 1839 351 1921 εἰρήκασι
373 1840 478 1919 φύσεις
500 1840 635 1925 τῷλόγῳ
658 1849 712 1921 τῆς
730 1842 888 1923 διαφορᾶς,
909 1840 947 1902 ού
969 1840 1104 1926 τῷλόγῳ
1125 1850 1182 1922 τῆς

162 1936 341 2021 διαιρέσεως,
359 1938 414 2018 τήν
432 1961 461 2001 τε
480 1947 533 2001 τοῦ
546 1934 661 2018 Ἦόμης
678 1938 763 1999 πάπα
781 1936 913 2011 Λέοντος
930 1937 1087 2017 ἐπιστολήν
1103 1938 1182 2020 πρὸς

165 2035 337 2118 Φλαβιανὸν
358 2043 524 2119 γραφεῖσαν
546 2034 587 2111 ἀς
605 2036 716 2116 στήλην
734 2033 913 2119 όρθοδοξίας
930 2034 1074 2110 ἐδέξαντο.
1114 2036 1181 2097 έπι-

162 2142 288 2217 πυροῦσι
311 2132 343 2196 δέ
365 2134 416 2196 καί
437 2134 494 2214 τήν
516 2134 681 2216 Νεστορίου
703 2133 888 2213 καθαίρεσιν,
916 2131 1050 2207 ἐδέξαντο
1073 2131 1106 2194 δὲ
1128 2132 1181 2195 καὶ

119 2250 149 2292 εο
166 2232 358 2313 Θεοδάρητον
381 2231 431 2297 καί
446 2231 531 2312 ’Ἰβαν
557 2230 597 2305 ὡς
619 2230 895 2310 ἀναθεματίσαντας
917 2230 1088 2312 Νεστόριον.

228 2327 357 2409 Συμεὼν
380 2327 396 2391 δ
418 2329 589 2408 θαυμάσιος
611 2327 716 2409 έπιβάς
738 2334 778 2411 τῷ
796 2327 902 2413 στύλφ,
924 2324 945 2407 ή
965 2327 1092 2400 σύνοδος
1115 2327 1181 2390 ἔπι-

162 2425 340 2505 μεμψαμένη
378 2419 522 2507 (πρῶτος,
542 2426 598 2508 γάρ
629 2434 716 2487 τοῦτο
747 2419 921 2508 ἐπενόησεν)
957 2423 1180 2504 ἀκοινωνησίαν

162 2522 241 2606 αύτῷ
264 2522 406 2602 ἔπεμψεν.
451 2517 512 2585 είτα
539 2524 687 2603 μαθόντες
717 2523 749 2584 οί
773 2527 853 2583 θεῖοι
876 2520 1000 2604 πατέρες
1024 2522 1082 2584 ’τδν
1108 2524 1179 2603 βίον

162 2617 266 2680 καὶτὸ
290 2617 406 2698 άτυφον
430 2629 483 2682 τοῦ
506 2618 615 2701 ἀνδρὸς
636 2620 727 2681 πάλιν
749 2619 830 2705 αύτῷ
852 2618 1062 2699 έκοινάνησαν.
1102 2619 1179 2702 πρδς

122 2737 147 2777 τε
162 2712 198 2777 δν
226 2713 242 2776 δ
270 2716 407 2797 βασιλεὺς
434 2716 614 2799 Μαρκιανὸς
640 2716 674 2778 έν
701 2717 838 2802 ἰδιωτικῷ
861 2717 986 2798 σχήματι
1012 2717 1179 2799 παραγενό-

61 2834 101 2877 οοε
116 2836 145 2875 τι.
162 2837 250 2893 μενος
272 2823 324 2894 τῆς
343 2814 423 2896 ίερᾶς
444 2814 533 2895 εύχής
555 2813 648 2876 αὐτοῦ
670 2812 721 2875 καὶ
738 2814 813 2889 θέας
831 2817 1014 2895 κατηξίωται.
1050 2813 1117 2896 περί
1139 2806 1178 2877 ού

164 2983 340 3102 147326-12.
355 2981 443 3044 615‚8
458 2976 624 3031 Tbeodoret.
640 2976 713 3032 Eiet.
728 2976 808 3047 relig.
823 2993 864 3046 ep.
880 2982 914 3031 26
931 2976 1116 3047 MigneTom.
1132 2982 1178 3046 82,

233 3180 248 3225 2
267 3173 453 3243 τοποτηρηταλ
468 3172 533 3227 add.
549 3172 619 3227 Mur.
635 3204 671 3213 -
689 3177 705 3226 ό
724 3168 945 3242 άργιμανδρίτου
955 3177 1015 3226 -6
1029 3171 1179 3263 γεγονότος

161 3260 212 3299 om.
228 3243 260 3297 V.
281 3275 315 3284 -
339 3248 355 3297 6
371 3240 521 3367 γεγονότος
538 3259 589 3299 om.
609 3242 665 3297 ch.
685 3275 718 3284 —
743 3248 775 3296 11
796 3242 915 3312 φορέσαι
932 3242 984 3313 τήν
1002 3261 1094 3313 σαρκα
1112 3242 1177 3299 ΟΜ.

162 3346 196 3353 -
221 3320 254 3367 15
273 3314 301 3369 A
325 3315 412 3369 veris
435 3315 487 3370 δύο
510 3314 542 3369 δὲ
565 3310 692 3383 εἰρήκασι
715 3315 747 3367 in
769 3316 893 3369 ordinem
919 3315 991 3370 τεάλτ
1008 3315 1065 3371 cod.
1085 3312 1117 3369 G.
1143 3346 1178 3355 —

164 3389 197 3437 18
217 3382 329 3447 ἐδέξατο
348 3383 402 3437 ΑΟ.
426 3416 460 3425 -·-
484 3390 517 3440 21
537 3386 586 3439 καί
609 3386 717 3454 συμεὼν
740 3383 756 3438 δ
773 3384 796 3438 Ρ
819 3402 842 3438 ο.
861 3384 894 3439 δὲ
917 3383 932 3438 δ
951 3385 1005 3440 BG
1029 3386 1078 3440 καί
1101 3402 1124 3439 σ.
1145 3386 1178 3442 δέ

162 3449 277 3523 ήνδί
300 3454 748 3527 έντούτῳτῶέτετσύδ-
773 3460 807 3509 21
828 3452 964 3523 avijv
987 3454 1179 3525 wlffi-

140 3586 142 3589 ,
163 3530 197 3578 25
216 3521 372 3593 μαρκιανδς
389 3541 438 3579 σοι.
454 3510 515 3578 NP.
536 3557 577 3575 -,
588 3527 730 3581 masao&
752 3526 834 3595 εύγής
846 3526 895 3579 AB
913 3527 1001 3582 αύτού
1020 3542 1070 3582 om.
1084 3526 1121 3581 M.
1142 3558 1178 3569 -

163 3596 345 3661 καταξιούται
362 3594 415 3648 ΡΜ
437 3592 552 3664 ήξίωται
569 3596 600 3650 P.
