2617 3909
527 250 716 301 XPONIKON
1064 250 1130 314 459

111 397 166 460 διὰ
199 406 285 460 τοῦτο
317 398 446 460 ἔστωσαν
478 398 510 459 οἱ
539 398 620 479 λόγοι
652 416 707 459 σου
735 395 836 479 ὀλίγοι.
882 397 939 459 εἰσλ
966 398 1021 480 γὰρ
1050 398 1132 479 λόγοι

111 495 220 558 πολλοὶ
252 496 458 575 πληθύνοντες
490 495 676 576 ματαιότητα.
730 498 793 558 καί
826 496 867 576 μὴ
899 498 985 578 γίνου
1017 498 1133 569 δίκαιος

111 595 206 656 πολύ·
234 594 293 655 ἔστι
320 594 375 676 γὰρ
404 594 518 666 δίκαιος
540 592 742 673 ἀπολλύμενος
765 594 797 655 έν
820 596 924 679 δικαίῳ
947 594 1054 673 αὐτοῦ,
1081 594 1131 655 καὶ

113 692 158 772 μὴ
179 693 303 769 σοφίζου
321 692 455 773 περισσά,
474 692 585 771 μήποτε
600 689 757 775 άσεβήσης.
794 693 902 765 τούτοις
921 694 1023 753 τοίνυν
1036 714 1131 774 παρα·
1144 707 1183 747 ³⁵1
1198 705 1229 744 M-

113 790 309 873 γραψάμενος
340 789 391 865 τὰς
424 789 503 871 ἷερόις
534 786 719 869 παραινέσεις
751 789 801 851 καλ
832 790 1131 872 παραγκωνισάμενος
1159 813 1170 852 5

112 886 187 949 οὐδὲ
211 897 264 949 τού
287 887 483 970 χριστοφόρου
506 886 644 968 προσέσχε
667 888 723 967 τὴν
746 888 865 950 ἔννοιάν
887 912 917 951 τε
939 888 989 950 καὶ
1012 891 1131 951 σύνεσιν

111 986 148 1049 έν
177 992 239 1059 τοῖς
266 986 476 1067 συντάγμασιν.
521 983 537 1046 ὃ
565 985 619 1067 γὰρ
647 985 805 1061 θεσπέσιος
828 991 950 1061 Παῦλος
978 988 1010 1049 ἐν
1037 1010 1131 1069 παρα-

112 1092 209 1169 σκευῇ
242 1082 337 1164 λόγων
367 1084 487 1145 πάντων
515 1084 717 1157 δυνατώτατος
744 1085 876 1164 νοήματί
900 1108 930 1146 τε
957 1086 1131 1168 ἱκανώτερος

112 1180 246 1263 γεγονὼς
269 1181 304 1243 ού
328 1187 430 1244 πλεῖον
453 1191 511 1242 τῶν
529 1182 719 1262 βραχυτάτων
737 1182 898 1243 ἐπιστολῶν
915 1193 1017 1269 γραφῇ
1036 1205 1131 1263 παρα-

113 1278 263 1360 δέδωκεν,
290 1281 386 1341 καίτοι
409 1281 500 1361 μυρία
522 1278 572 1340 καὶ
594 1277 748 1361 ἀπόρρητα
770 1278 864 1361 λέγειν
890 1279 978 1361 ἔχων,
1001 1281 1050 1341 άτε
1073 1290 1131 1341 τῶν
1146 1301 1171 1340 1ο

115 1375 219 1459 μέχρις
245 1377 377 1459 ούρανοῦ
404 1378 503 1458 τρίτον
529 1378 733 1457 θεωρημάτων
756 1376 941 1457 ἐπιφθάσας,
968 1372 1014 1440 ἐπ’
1040 1377 1132 1439 αὐτόν

116 1498 147 1535 τε
180 1473 231 1536 τὸν
263 1481 415 1558 θεοπρεπῆ
443 1476 622 1556 παράδεισον
650 1473 854 1556 ἀναρπασθεὶς
879 1474 930 1536 καὶ
956 1486 1015 1536 τῶν
1042 1475 1132 1537 ἐκεῖσε

113 1572 259 1655 ῥημάτων
286 1571 498 1654 άνεκφράστων
526 1572 666 1647 ἀξιωθείς
687 1572 822 1635 ἀκούσαι.
868 1573 917 1634 καλ
941 1572 1040 1653 μέντοι
1062 1569 1128 1635 οὐδ’

114 1672 149 1733 οί
170 1669 270 1732 λοιπολ
291 1679 344 1733 τού
366 1675 498 1752 Χριστοῦ
521 1673 674 1752 φοιτηταί,
702 1669 747 1751 ιβ’
769 1670 824 1751 μὲν
846 1670 1019 1752 ἀπόστολοι,
1046 1669 1076 1734 ο’
1100 1669 1131 1733 δὲ

116 1768 263 1849 μαθηταί,
285 1768 335 1829 καὶ
358 1766 440 1831 άλλοι
463 1769 537 1850 πρὸς
559 1770 674 1843 τούτοις
696 1770 798 1851 μυρίοι
820 1769 877 1831 ούκ
899 1768 1014 1851 άπειροι
1036 1770 1131 1851 λόγων
1146 1791 1171 1831 ισ

115 1866 288 1947 ἐτύγχανον,
310 1865 360 1926 καλ
383 1866 462 1946 ὅμως
486 1860 541 1929 οὖν
564 1866 594 1940 ἐξ
617 1865 757 1929 ἁπάντων
780 1877 839 1927 τῶν
861 1877 915 1929 τού
936 1869 1042 1949 κυρίου
1066 1869 1131 1928 ιλια-

114 1966 226 2045 τριβῶν
259 1962 457 2044 ὑπομνήματα
489 1969 653 2039 Ματθαῖος
684 1962 757 2045 ἡμῖν
788 1964 839 2025 καλ
870 1961 1011 2044 Ἰωάννης
1044 1965 1131 2044 μόνοι

115 2063 375 2143 καταλελοίπασιν,
403 2060 456 2136 οὓς
483 2061 533 2123 καί
559 2063 721 2144 ἐπάναγκες
748 2062 796 2125 ἐπὶ
824 2064 856 2126 τὸ
882 2063 1010 2144 γράφειν
1031 2062 1131 2124 ε’λθεῖν

115 2156 230 2240 κατέχει
252 2159 347 2241 λύγος,
370 2158 466 2243 ὥσπερ
490 2160 528 2239 δὴ
550 2159 601 2221 καλ
624 2162 756 2240 Μάρκον
778 2160 827 2221 καλ
850 2166 977 2221 Λουκᾶν
1000 2160 1130 2242 Ιὕστερον.

116 2256 165 2319 διὸ
190 2256 229 2335 δή
253 2274 347 2336 φησιν
366 2256 382 2319 ὁ
401 2256 490 2339 μέγας
509 2258 662 2337 Μάξιμος·
684 2257 700 2320 ό
719 2258 825 2340 λόγους
848 2258 1091 2339 συγγραφόμενος
1109 2255 1129 2338 ἢ
1144 2280 1170 2319 εο

115 2354 192 2435 πρὸς
219 2354 273 2434 τὴν
300 2354 408 2416 ἑαυτοῦ
432 2354 602 2434 ὑπόμνησιν
625 2356 824 2438 συγγράφεται
846 2354 867 2436 ἢ
889 2354 964 2437 πρὸς
986 2353 1131 2434 ὠφέλειαν

115 2449 224 2533 ἑτέρων
246 2450 267 2533 ἢ
289 2451 379 2531 άμφω
402 2451 422 2533 ἢ
446 2453 519 2534 πρὸς
547 2453 663 2533 βλάβην
689 2462 780 2514 τινῶν
802 2452 823 2534 ἢ
846 2453 921 2535 πρὸς
947 2453 1087 2527 ἐπίδειξιν
1109 2451 1129 2533 ἢ

114 2549 147 2623 ἐξ
172 2548 312 2631 όινάγκης.

399 2644 471 2729 [κγ’.
504 2648 592 2729 Περὶ
612 2643 851 2731 Ἂντωνίνον]

186 2771 275 2833 Μετὰ
306 2770 338 2834 δὲ
369 2778 507 2856 Σευῆρον
542 2772 728 2854 ἐβασίλευσεν
751 2768 927 2847 Ἀντωνῖνος
961 2773 1012 2835 καλ
1040 2772 1130 2846 Γέτας
1144 2796 1170 2835 ετ

116 2895 332 2905 ..-.-.-.---

192 2960 206 3007 1
226 2953 299 3007 Ecol.
316 2958 398 3021 6,11.
419 2984 451 2993 —-
471 2960 487 3006 2
507 2953 580 3007 Ευσλ.
597 2959 683 3023 7,16;
700 2961 741 3009 17.

192 3119 206 3166 2
265 3112 389 3183 ταιότητι
406 3115 465 3183 (πη
483 3113 517 3239 E?
537 3112 668 3168 CEFLV.
688 3146 722 3154 —
742 3120 758 3169 9
776 3110 873 3169 πλείου
892 3113 921 3167 Μ
943 3110 1047 3169 πλείων
1062 3112 1131 3168 AGP

116 3182 204 3239 πλείω
247 3185 275 3239 L.
291 3216 326 3225 -
347 3190 379 3238 10
393 3185 441 3239 καλ
455 3186 496 3239 ἀπ
514 3205 601 3254 ρρητα
615 3185 716 3239 ABPV
734 3186 783 3239 καλ
796 3204 846 3241 om.
861 3184 921 3239 rell.
936 3216 971 3225 —
986 3191 1019 3239 12
1038 3204 1067 3239 τε
1081 3185 1131 3239 ΒΡ

117 3257 150 3311 δὲ
165 3256 225 3311 rell.
240 3287 275 3296 —
295 3262 327 3309 13
343 3255 544 3324 ἀνεκφράστων
558 3252 688 3326 όημάτων
703 3256 751 3311 ΑΒ
769 3256 971 3325 ἀνεκφράστων
984 3274 1034 3313 om,
1049 3257 1081 3311 R.
1097 3288 1130 3297 -

120 3332 152 3382 1⁷
173 3325 255 3396 μόνοι
273 3344 323 3382 om.
338 3327 394 3380 AB.
414 3359 446 3367 -
467 3333 499 3380 19
520 3327 555 3396 δὴ
574 3343 624 3382 om.
639 3328 694 3381 AF.
710 3360 744 3369 -
764 3334 797 3381 22
816 3324 834 3395 ἢ
852 3329 901 3382 καλ
919 3327 1002 3397 ἄμφω
1021 3327 1130 3383 ASuid.

117 3416 142 3453 v.
158 3398 342 3469 συγγραφεύς.
363 3430 395 3438 --
416 3403 450 3453 25
469 3398 588 3468 σεύηρον
602 3398 706 3453 ΑΟΙιΜ
723 3401 841 3470 σεβῆρον
859 3415 929 3454 rece.
944 3400 1061 3466 quidam
1088 3397 1132 3453 σέ·

117 3472 206 3542 βελοω
223 3468 258 3525 V·

194 3634 226 3683 15
245 3630 293 3684 καλ
311 3628 389 3685 ἄλλοι
407 3650 436 3685 τε
454 3630 482 3683 P.
503 3662 537 3671 -
556 3637 590 3685 22
609 3628 626 3701 ἢ
645 3632 695 3687 καλ
712 3632 783 3700 πρὸς
801 3631 907 3703 βλάβην
925 3632 955 3685 Ρ.
