2617 3909
511 259 701 312 XPONIKON
1046 258 1111 322 429

96 431 187 482 νοιαν
219 406 351 489 ἔρχονται
382 412 458 468 θεοῦ
485 417 538 468 τοῦ
567 416 659 467 ταῦτα
688 404 902 487 διαταξαμένου
929 407 1031 480 αὐτοῖς
1063 406 1113 469 καί

99 504 366 585 νομοθετήσαντος.
403 505 438 566 οἵ
454 527 486 586 γε
510 506 660 591 μοχθηρίᾳ
682 505 794 587 τρόπον
811 504 861 566 καλ
879 505 1002 586 γνώμης
1017 504 1113 587 ἀγνώ-

99 626 190 683 μονος
218 602 255 665 ού
283 603 475 681 διελίμπανον
502 600 623 665 ἀνωθεν
649 602 700 665 καλ
726 602 756 676 ἐξ
784 601 875 684 ἀρχῆς
902 601 984 686 μέχρι
1012 601 1113 675 τέλους

99 700 368 780 ἐπιλανθανόμενοι
390 710 443 761 τού
466 706 541 762 θεοῦ
564 700 615 761 καλ
636 701 890 784 παραταττόμενοι
907 700 1113 784 προσεκύνουν

97 797 164 861 ἀντὶ
195 807 249 860 τού
280 800 398 861 κτίστου
430 797 485 877 τήν
512 800 621 878 κτίσιν,
652 798 703 861 καλ
730 797 799 861 ποτέ
827 797 895 880 μέν,
923 798 963 873 ὡς
990 800 1113 880 εἴρηται,
1140 821 1152 861 τ

96 897 381 977 μοσχοποιήσαντες,
413 893 482 959 ποτέ
514 894 546 959 δὲ
577 903 617 981 τῷ
642 896 813 979 Βεελφεγδορ
845 896 1115 979 προσκυνήσαντες,

94 993 198 1057 ἀλλοτε
230 992 262 1057 δὲ
293 994 345 1057 τὸν
372 994 455 1055 Βάαλ
484 994 535 1055 καλ
566 994 617 1057 τὸν
648 994 770 1074 Θαμοδζ
799 994 850 1056 καὶ
878 995 933 1075 τήν
960 994 1113 1057 Σιδωνίαν

90 1087 256 1175 Ἀστάρτην
283 1092 333 1154 καὶ
359 1092 411 1153 τὸν
434 1091 571 1174 Μολχὼμ
593 1092 643 1153 καὶ
666 1092 718 1155 τόν
740 1094 868 1173 Χαμώς,
894 1092 945 1155 καί
967 1091 1037 1155 ποτὲ
1060 1090 1113 1172 μὲν

92 1191 149 1253 τὸν
173 1191 258 1270 ήλιον
281 1189 331 1252 καί
353 1191 408 1270 τήν
431 1190 559 1269 σελήνην
581 1190 632 1251 καὶ
654 1191 724 1264 τοὺς
746 1189 878 1271 ἀστέρας,
901 1189 921 1252 ἃ
942 1190 959 1255 δ
977 1190 1049 1264 θεός
1071 1190 1114 1263 εἰς

93 1298 213 1368 φαῦσιν
240 1286 413 1371 ἀνθρώποις
440 1288 559 1367 ἐποίησε
587 1287 636 1349 καλ
660 1289 716 1351 ούκ
738 1289 780 1362 είς
802 1289 1021 1370 προσκύνησιν,
1044 1286 1113 1349 ποτὲ
1127 1310 1155 1350 10

93 1385 130 1448 δὲ
153 1386 204 1448 καὶ
227 1384 319 1467 ἀλογα
341 1388 410 1466 ζῶα,
434 1384 474 1459 ἀς
496 1382 566 1468 παρ’
588 1386 765 1468 Αίγνπτίοις
787 1387 839 1449 τὸν
854 1385 945 1448 ’Ἆπιν
968 1389 1043 1467 βοῦν
1063 1385 1114 1447 καὶ

92 1484 150 1546 τὸν
174 1485 351 1563 Μενδήσιον
378 1484 500 1567 τράγον,
530 1482 581 1545 καί
608 1484 700 1558 θεοὺς
726 1482 875 1567 ἀργνρούς
902 1483 953 1547 καλ
975 1494 1113 1566 χρνσούς,
1127 1507 1166 1547 ων
1180 1506 1211 1548 11.
1238 1488 1242 1493 ’

94 1581 139 1657 ὥς
162 1582 195 1645 έν
217 1590 253 1665 τῇ
274 1576 412 1666 Ἰουδαία.
457 1582 549 1667 ταύτη
572 1605 617 1644 τοι
643 1582 800 1665 προδήλως
822 1581 951 1644 ἀπειλῶν
973 1582 1074 1656 αὐτοῖς
1097 1580 1113 1643 δ

91 1680 170 1753 θεὸς
197 1680 273 1761 ἔλεγε
300 1679 351 1741 διὰ
377 1689 431 1741 τοῦ
458 1680 627 1760 προφήτου·
659 1681 699 1760 μή
728 1680 836 1763 μικρὸν
862 1690 949 1743 τοῦτο
976 1682 1016 1764 τῷ
1040 1681 1113 1764 οἴκῳ

90 1776 194 1840 Ἰούδα
216 1783 314 1839 ποιεῖν
336 1776 371 1839 τὰ
394 1778 577 1859 βδελύγματα
595 1788 688 1839 ταῦτα
705 1776 725 1839 δι
743 1777 897 1858 ἐποίησαν,
920 1780 965 1841 ὅτι
983 1778 1113 1857 ἔπλησαν
1127 1802 1153 1844 ισ

93 1876 153 1955 τήν
180 1886 238 1957 μήν
264 1874 390 1955 ἀνομίας
418 1884 470 1937 τοῦ
497 1877 674 1959 παροργίσαι
702 1899 745 1955 με.
791 1876 838 1938 διδ
865 1878 968 1938 τοίννν
995 1876 1114 1949 εἰκότως

94 1973 366 2056 έξωλοθρεύθησαν
390 1971 430 2046 ὡς
452 1973 504 2035 τὸν
531 1973 606 2035 θεὸν
628 1976 853 2056 παροργίζοντες
874 1973 925 2035 καλ
948 1974 1003 2054 τήν
1025 1972 1114 2055 ἀμίαν

94 2080 156 2153 γῆν
179 2070 296 2150 ἐκείνην
318 2072 559 2149 καταμιαίνοντες
581 2066 634 2133 ἀπ’
655 2071 748 2154 ἀρχῆς
769 2071 824 2145 ἕως
847 2082 900 2151 τῆς
922 2071 1044 2153 έσχάτης
1064 2070 1115 2132 καὶ

94 2168 263 2242 τελευταίας
285 2166 420 2241 ἁλώσεως
442 2169 551 2249 ταύτης
573 2168 622 2231 ἐπί
647 2169 874 2233 Οὐεσπασιανοῦ
896 2167 946 2231 καλ
972 2170 1067 2231 Τίτου.

165 2265 226 2327 Καί
249 2264 305 2349 γὰρ
329 2266 470 2350 διάφοροι
492 2268 603 2347 ταύτην
626 2267 740 2341 ἑλόντες
762 2266 811 2328 καὶ
829 2266 1014 2347 καθελόντες,
1038 2265 1114 2345 φησὶ
1128 2291 1155 2330 κο

99 2364 307 2445 Θεοδιόρητος,
339 2364 428 2426 πάλιν
457 2364 500 2438 είς
526 2364 559 2426 τὸ
587 2363 710 2447 ἀρχαῖον
742 2362 758 2426 ὁ
785 2364 858 2440 θεὸς
885 2364 1114 2445 ἀντικατέστησεν

94 2461 215 2540 ἀξίωμά
242 2483 271 2522 τε
298 2459 348 2523 καί
375 2470 487 2542 σχῆμα,
517 2460 670 2527 ἀλλάνῦν
693 2462 798 2525 ούκέτι.
844 2473 959 2545 πρῶτος
982 2462 1113 2545 μὲνγὰρ

172 2664 259 2713 2-16
279 2658 372 2714 Const.
387 2659 489 2729 1121,
505 2666 545 2715 12.
566 2692 599 2701 -
620 2666 653 2714 14
672 2660 718 2715 Ετ.
734 2666 760 2730 8,
775 2667 816 2715 17.

172 2844 186 2890 1
212 2838 354 2908 ίρχωνται·
369 2838 421 2891 ΒΕ
448 2844 473 2893 et
494 2854 564 2894 εεοο.
583 2838 719 2908 plerique.
744 2870 777 2880 —
805 2847 856 2893 τοῦ
877 2843 950 2893 θεοῦ
972 2838 1052 2893 ALR.
1079 2872 1113 2880 -

101 2917 117 2963 2
138 2910 250 2979 γνώμης
267 2909 429 2979 ἀγνώμονος
447 2910 496 2963 καί
513 2908 619 2979 τρόπου
633 2909 668 2965 N.
682 2942 716 2951 —
737 2916 752 2963 ⁷
768 2910 799 2965 δὲ
812 2927 863 2966 om.
878 2910 938 2964 BR.
954 2941 989 2951 -
1005 2910 1113 2982 βαδιλΕ

102 2978 157 3053 βὰλ
171 2978 199 3034 C.
215 3010 248 3020 -
264 2976 393 3035 σιδονίαν
407 2980 487 3035 BLM
500 2988 526 3036 et
538 2997 608 3036 rece.
623 2981 714 3037 multi.
730 3012 763 3021 -
778 2988 795 3035 8
809 2981 913 3052 μολχδμ
922 2981 997 3036 AEV
1010 2982 1115 3053 μολχδν

99 3052 142 3107 vel
155 3048 258 3121 μόληον
271 3051 297 3104 R
315 3052 439 3123 μελχᾶιλΊ
456 3052 541 3125 μολδχ
555 3052 682 3108 Βῦοοελ.
697 3084 731 3093 -
748 3061 844 3123 χαμῶς
856 3051 986 3107 ACFML
1004 3060 1030 3108 et
1042 3070 1112 3108 εοοο.

98 3122 238 3177 nonnulli.
263 3154 296 3163 -
321 3127 355 3177 10
378 3123 539 3191 ἀνθρώπων
562 3121 675 3194 ἐποίησε
693 3123 750 3177 ΒΜ
775 3120 888 3193 ἐποίησε
906 3124 1114 3192 ἀνθρώποιςλί

98 3194 266 3261 ἀνθρώποις
284 3210 334 3249 om.
347 3193 377 3247 L.
396 3224 431 3235 -
451 3201 484 3249 12
507 3192 651 3264 μενδίσιον
668 3194 742 3249 AOP
760 3193 906 3264 μενδίσιον
916 3195 948 3249 Β.
966 3227 1002 3235 -
1022 3196 1113 3260 1115-

97 3266 323 3334 ωλοθρεύθησαν
347 3264 477 3319 BDEFL
505 3266 752 3336 ἐξολοθρεύθησαν
778 3266 838 3321 rell.
866 3299 901 3307 -
929 3273 963 3321 18
983 3266 1114 3337 καταμεί-

100 3355 199 3399 ναντες
212 3336 261 3391 ΟΕ
279 3335 481 3405 καταμένοντες
494 3338 525 3393 Β.
541 3369 574 3379 -
593 3339 642 3392 καί
657 3336 709 3402 ἕως
721 3336 774 3391 1⁴¹1.
789 3369 823 3378 —
842 3343 874 3392 19
890 3345 939 3407 της
952 3337 999 3392 ἐπὶ
1012 3338 1063 3391 FL.
1078 3370 1114 3379 -

98 3413 133 3463 20
158 3408 218 3531 κταρ1
231 3405 400 3471 καθελόντες
418 3407 520 3465 1pr
542 3425 593 3465 om.
612 3408 673 3463 rell.
697 3439 730 3449 -
755 3414 788 3461 22
811 3418 920 3478 πρῶτος
937 3409 1013 3463 ABP
1039 3417 1114 3477 πρῶ-

97 3498 148 3533 τον
166 3495 197 3533 τε
221 3521 227 3532 .

171 3644 189 3691 4
207 3638 346 3707 τὸνθεόν
364 3639 395 3695 Ρ.
413 3671 448 3681 -
467 3644 483 3695 6
501 3640 550 3695 τὸν
569 3641 724 3711 βεελφεγὼρ
743 3639 868 3695 Ρδοοελ.
