2617 3909
538 243 728 294 XPONIKON
1071 241 1135 306 671

122 391 296 473 προάστεια,
327 389 377 451 καί
406 390 502 473 ὥσπερ
530 389 775 473 ἀναμερισάμενοι
803 390 915 473 Πέρσαι
943 390 996 471 μέν
1023 391 1059 454 τά
1085 401 1138 472 τῆς

120 484 284 561 *Λσιάτιδος
306 498 362 570 γῆς
387 485 565 574 κατεδήουν,
587 485 711 572 ’Ἀβαροι
738 487 770 551 δὲ
797 489 849 550 τὸν
875 488 924 551 έπλ
950 487 1070 574 Θρᾴκης
1093 491 1137 550 δι-

123 586 268 667 έφθειρον
290 587 390 649 τόπον.
436 587 510 648 ὅθεν
537 586 770 666 διαπονηθέντες
793 588 825 649 ολ
848 593 965 650 πολῖται
987 588 1037 650 καί
1064 587 1138 670 πρὸς

122 685 194 759 τοὺς
222 679 367 768 Ἀβάρους
398 686 528 764 πόλεμον
559 687 747 762 συνάψαντες
783 685 832 747 καλ
863 685 974 760 πολλάς
1004 686 1137 767 χιλιάδας

122 782 153 857 έξ
177 781 275 844 αὐτῶν
297 782 536 860 κατασφάξαντες
558 782 632 862 πρὸς
654 783 709 863 τήν
733 783 812 845 ἰδίαν
833 794 892 865 γῆν
914 784 1067 863 ἐξήλασαν.
1164 804 1176 844 ε

187 874 220 942 Ὁ
243 877 274 942 δὲ
296 879 434 961 Χοσρόης
456 879 566 958 μαθὼν
587 880 643 960 τήν
661 873 835 962 Ἡρακλείου
860 884 998 964 μεγίστην
1025 882 1137 961 ἔφοδον

121 978 173 1040 καλ
196 979 350 1059 σατράπην
372 977 405 1040 έν
427 979 553 1059 χιλιάσιν
576 975 703 1039 ὁπλιτῶν
725 976 754 1039 λ’
772 973 835 1040 κατ’
858 980 951 1042 αὐτοῦ
973 979 1137 1060 ἐκπέμψας,

122 1079 275 1158 συμβολῆς
296 1072 457 1158 γενομένης
479 1074 673 1160 ἀνῃρέθησαν
696 1077 811 1150 πάντες.
856 1087 915 1138 τῶν
936 1077 1137 1157 ὑπολειφθέν-

121 1198 182 1237 των
205 1172 237 1236 δέ
257 1179 382 1257 Περσῶν
401 1173 475 1235 κατά
493 1173 631 1256 Χοσρόου
650 1173 812 1256 μανέντων,
834 1170 884 1253 ἐφ’
905 1174 950 1237 ἓνλ
972 1185 1032 1237 τῶν
1054 1179 1136 1256 βασι·

120 1278 214 1334 λικῶν
232 1272 323 1334 οἴκων
339 1280 445 1333 τοῦτον
462 1270 659 1351 κατέκλεισαν,
679 1273 860 1353 προόδηκαν
878 1271 910 1334 δὲ
929 1273 1009 1352 αὐτῷ
1026 1275 1136 1356 χρυσὸν
1150 1294 1176 1334 ιο

121 1369 173 1431 καλ
196 1367 327 1451 ἀργυρον
349 1368 399 1430 καλ
421 1370 528 1443 λόθους
545 1370 677 1442 εἰπόντες
699 1370 774 1452 πρὸς
794 1370 896 1432 αὐτόν·
920 1370 1050 1433 ἀπόλαυε
1067 1371 1136 1434 τού-

121 1492 182 1530 των
213 1466 264 1527 καλ
295 1466 409 1546 μόνων,
442 1461 481 1528 δι’
507 1460 550 1528 ὧν
581 1466 631 1528 καλ
662 1467 732 1540 τοὺς
760 1461 920 1548 Ῥωμαίους
952 1465 1024 1530 καθ’
1050 1467 1136 1549 ήμῶν

120 1565 238 1647 ήγαγες.
283 1563 334 1625 καλ
356 1565 433 1626 οὕτω
459 1569 533 1648 λιμῷ
555 1564 606 1625 καὶ
628 1566 713 1643 δίψει
736 1567 953 1649 τιμωρήσαντος
975 1567 1067 1630 αὐτὸν
1089 1569 1135 1629 αί-

122 1673 217 1745 σχρῶς
239 1661 365 1724 ἀνεῖλον.
408 1655 579 1744 Ἡράκλειος
604 1662 636 1725 δέ
660 1661 676 1724 ό
699 1665 836 1744 βασιλεὺς
863 1665 904 1738 είς
926 1666 981 1746 τήν
1004 1667 1136 1746 Περσίδα

120 1759 267 1841 εἰσβαλὼν
289 1760 341 1834 τάς
363 1782 392 1822 τε
414 1759 513 1833 πόλεις
535 1758 664 1846 καθῄρει
686 1760 735 1822 καὶ
762 1761 798 1822 τά
824 1769 931 1846 πυρεῖα
956 1761 1134 1845 διέστρεφεν,
1149 1783 1175 1824 ιε

120 1855 170 1938 ἐφ’
192 1850 235 1920 ὧν
259 1856 370 1940 εὑρέθη
394 1858 532 1941 Χοσρόου
559 1859 591 1921 τδ
619 1861 753 1941 μυσαρὸν
776 1859 932 1940 έκτόπωμα
959 1861 992 1922 ἐν
1019 1870 1054 1946 τή
1082 1872 1134 1924 τοῦ

119 1958 207 2020 οἴκου
234 1956 320 2042 στέγη
347 1956 445 2038 ὥσπερ
472 1957 505 2018 έν
534 1956 650 2041 οὐρανῷ
675 1958 857 2036 καθήμενον.
902 1957 1009 2021 εἀυτδν
1034 1958 1090 2041 γὰρ
1118 1957 1134 2023 ὅ

120 2053 213 2128 άθεος
249 2054 426 2128 ἀποθεάσας
462 2055 557 2128 οὕτως
590 2053 805 2134 ἀνεστήλωσεν,
841 2055 874 2117 ἐν
906 2043 929 2139 ᾧ
958 2053 1047 2137 ἀστρα
1083 2056 1133 2118 καί
1146 2078 1185 2120 εεε
1199 2078 1230 2117 Μ.

120 2153 207 2232 ήλιον
229 2151 279 2213 καλ
302 2153 430 2230 σελήνην
451 2153 671 2225 κατασκευάσας
689 2150 829 2233 ἀγγέλους
849 2163 1040 2234 περιεστῶτας
1058 2155 1136 2240 αὐτῷ

121 2251 326 2330 σκηπτούχους
343 2248 393 2310 καί
411 2249 541 2331 βροντήν
564 2248 615 2311 διὰ
635 2259 770 2330 μηχανῆς
788 2251 925 2330 γίνεσθαι
947 2250 997 2312 καί
1020 2249 1133 2333 βρέχειν
1148 2275 1173 2314 so

121 2376 335 2390 „-....-..

193 2451 281 2501 6—8?
298 2447 333 2514 cf.
348 2445 410 2500 Nic.
424 2462 454 2515 μ.
472 2452 513 2513 19,
528 2451 552 2498 3.
567 2478 603 2487 -
621 2452 710 2501 8-14
728 2449 762 2516 cf.
782 2447 843 2502 Nic.
857 2465 884 2516 μ.
901 2453 943 2517 19,
957 2453 1000 2504 20.
1015 2480 1049 2489 -
1065 2455 1133 2503 14—

116 2537 147 2590 p.
163 2524 224 2586 679,
239 2523 254 2570 3
273 2517 308 2584 cs.
322 2517 384 2572 Nic.
394 2534 425 2587 μ.
442 2521 485 2584 16,
500 2523 541 2572 18.

192 2683 208 2731 2
227 2676 396 2745 διέφθειραν
414 2676 499 2731 ABR.
524 2710 557 2719 -
582 2683 598 2731 3
617 2678 840 2748 διαπορηθέντος
857 2680 939 2735 Tafel
961 2698 1022 2735 οιακ
1040 2681 1132 2736 Leone

119 2749 242 2804 Gramm.
265 2749 319 2805 sed
332 2748 555 2818 διαπονηθέντες
566 2751 649 2804 etiam
660 2750 832 2805 Theodosius
846 2751 1003 2806 Molitenus.
1017 2783 1051 2793 -
1067 2758 1081 2806 '1
1101 2754 1132 2809 έν

119 2820 274 2893 χιλιάσινΡ
289 2819 461 2892 έναχιλιάσιν
474 2822 500 2874 Α
519 2819 570 2875 ένα
584 2821 614 2876 έν
627 2820 750 2903 χιλιάσιν
764 2822 823 2877 rell.
839 2855 873 2862 -
889 2829 921 2877 11
932 2821 1056 2894 ἀπόλαβε
1069 2824 1131 2878 BG.

119 2925 154 2933 —
175 2899 207 2946 12
227 2893 276 2946 καλ
292 2890 380 2961 μόνον
398 2891 482 2946 AGM
492 2892 557 2945 Exe.
573 2893 608 2946 de
626 2911 678 2946 ms.
703 2910 753 2948 om.
772 2894 830 2947 RV.
854 2926 887 2934 —
912 2895 960 2948 καλ
982 2899 1046 2949 ante
1067 2895 1133 2959 τοὺς

118 2981 171 3020 om.
189 2962 248 3018 RV.
276 2995 312 3004 -
340 2968 373 3016 16
397 2961 468 3032 δίψη
491 2962 577 3016 ΒΕΜ
587 2964 651 3019 Ειο.
680 2997 715 3005 -
744 2970 777 3019 15
799 2973 902 3032 πυρεῖα
924 2965 974 3019 EV
996 2975 1084 3034 πυρῑα
1108 2967 1130 3019 Β

117 3032 208 3104 πνρία
221 3035 273 3089 ΑΒ,
290 3035 378 3102 πόρια
397 3034 513 3089 OGNP.
533 3067 568 3075 —
587 3040 620 3089 19
639 3036 689 3090 καὶ
707 3034 841 3106 ἀγγέλους
857 3035 883 3089 Β,
904 3035 1037 3107 ἀγγέλους
1053 3055 1083 3091 τε
1097 3036 1130 3091 V.

118 3137 153 3148 -
173 3112 208 3160 20
226 3104 276 3160 διά
293 3125 370 3169 τινος
388 3114 513 3176 μηχανῆς
530 3106 650 3176 βροντήν
669 3105 704 3160 N.

190 3271 243 3320 4.5
263 3265 291 3331 ἐξ
310 3266 403 3320 αὐτῶν
420 3265 549 3336 χιλιάδας
566 3266 596 3319 Ρ.
620 3297 654 3307 -
679 3270 758 3357 λερρ.
779 3267 923 3394 έκπέμήιας
946 3268 994 3322 καλ
1015 3267 1130 3324 πάντων

118 3337 225 3392 τοότων
238 3336 448 3406 ἀναιρεθέντων
464 3337 666 3408 μαχησαμένων
685 3357 753 3407 μετα
766 3338 867 3408 ηρακλε
881 3358 915 3393 ου
933 3340 1051 3394 καὶτῶν
1065 3358 1131 3407 περ·

119 3417 177 3463 σῶν
194 3407 266 3462 κατὰ
284 3431 308 3481 χ.
324 3407 466 3477 μανέντων
484 3409 533 3462 καί
552 3409 565 3464 έ
591 3405 599 3426 ’
616 3409 659 3464 ένλ
676 3428 699 3462 τ,
715 3411 775 3480 βασ.
796 3409 848 3464 οίκ.
863 3430 886 3465 τ,
901 3408 1131 3472 κατακλείσαντες

119 3479 256 3548 ἄτροφον,
272 3481 443 3548 προόδηκαν
460 3479 564 3551 χρυσὸν
582 3480 631 3534 καλ
649 3479 711 3549 ἀργ.
727 3480 775 3534 καλ
790 3479 873 3537 λίβον
890 3484 1018 3537 πλεῖστον
1036 3481 1065 3537 λέ
1083 3501 1130 3536 ον-

116 3568 174 3613 τες·
194 3549 319 3605 ἀπόλαυε
333 3550 425 3605 PNio.
441 3582 474 3591 —
495 3557 528 3605 14
547 3551 562 3604 ὁ
578 3553 706 3623 βασιλεὺς
723 3568 773 3606 om.
788 3551 818 3606 P.
835 3583 870 3594 -
888 3552 1058 3622 περσικὴνΡ
1095 3553 1129 3606 ἰο.

118 3653 153 3662 -
174 3627 207 3675 16
226 3619 344 3691 ηὕρηται
362 3621 454 3677 ΡΝἰο,
474 3655 507 3663 -
527 3628 560 3676 20
580 3626 739 3693 διαμηχανή
757 3622 788 3678 Ρ.

173 3718 316 3770 Georgius
329 3720 488 3762 Μουευλιυε
502 3722 537 3762 οδ
551 3722 579 3762 δε
593 3723 661 3762 Boot.
683 3722 715 3762 11.
936 3718 970 3766 43
