2617 3909
536 246 726 299 XPONIKON
1070 242 1136 308 619

119 393 265 476 Βαρνάβα
286 400 339 455 τοῦ
357 389 522 454 ἀποστόλου
544 392 576 454 τὸ
594 392 740 470 λείψανον
762 388 873 473 εὑρέθη
892 390 925 453 έν
942 390 1058 477 Κύπρφ
1076 390 1137 453 ύιιδ

121 489 248 571 δένδρον
278 487 417 571 κερατίαν
448 489 522 570 ἔχων
553 488 601 551 έπλ
634 487 769 568 στήθους
799 487 832 550 τὸ
864 487 938 549 κατὰ
969 492 1137 551 Ματθαῖον

121 586 293 670 εὐαγγέλιον
316 586 493 669 ίδιόγραφον
514 595 569 648 τού
586 588 736 667 Βαρνάβα.
775 585 805 662 έξ
827 578 866 665 ἧς
886 586 1064 669 προφάσεως
1085 585 1136 647 καί
1203 621 1207 643 τ

121 686 328 768 περιγεγόνασι
350 684 482 766 Κύπριοι
504 693 557 746 τοῦ
579 683 732 763 ἀκέφαλον
757 678 835 745 εἶναι
861 683 917 763 τὴν
939 679 1004 745 κατ’
1026 684 1138 758 αὐτοὺς

124 784 305 866 μητρόπολιν
328 781 378 843 καλ
401 781 442 861 μὴ
465 784 556 844 τελεῖν
576 780 636 844 ὑπὸ
651 777 839 862 Ἀντιόχειαν.
875 781 947 864 όπερ
967 779 1137 863 εὐαγγέλιον
1164 800 1177 842 s

121 879 309 960 ἀποθέμενος
329 879 438 958 Μνοιν
465 878 498 941 έν
519 886 559 963 τῷ
578 880 710 963 παλατίφ
736 880 780 952 είς
802 880 854 941 τὸν
875 879 951 942 ναὸν
973 880 1027 941 τοῦ
1049 878 1137 961 άγίου

121 978 282 1055 Στεφάνου
305 970 369 1037 κατ’
390 974 527 1039 ένιαυτδν
549 975 781 1058 ἀναγινώσκεται
802 985 838 1060 τῇ
861 975 932 1061 άγίγ
953 975 1003 1038 καλ
1027 978 1138 1061 μεγάλῃ

119 1073 247 1159 πέμπτῃ.

399 1158 461 1245 [ιε’.
494 1162 582 1244 Περὶ
602 1157 857 1239 Ἀναστασίουλ
1149 1174 1234 1217 σ1ε1ί.

190 1287 279 1351 Μετὰ
301 1285 334 1353 δὲ
356 1287 485 1366 Ζήνωνα
507 1286 693 1367 έβασίλευσεν
712 1280 902 1359 Ἀναστάσιος
923 1286 940 1350 δ
962 1286 1137 1369 Δοραχηνδς
1150 1307 1178 1348 1ο

120 1385 175 1463 ἔτη
192 1382 247 1458 κζ’.
284 1384 335 1447 καλ
352 1385 486 1466 βροντῶν
504 1383 554 1445 καλ
572 1379 730 1465 ἀστραπῶν
747 1384 813 1466 περὶ
830 1384 863 1447 τό
880 1385 1023 1446 παλάτιον
1040 1385 1138 1447 ελλου-
1150 1396 1191 1438 ⁶1⁸
1205 1396 1236 1435 Μ·

122 1480 223 1561 μένων
237 1470 297 1545 ΙκαλΙ
318 1491 371 1545 τοῦ
394 1480 536 1562 βασιλέως
559 1482 731 1561 μονωτάτου
752 1480 1001 1561 καταλειφθέντος
1023 1481 1138 1562 ἀδημο-

122 1588 263 1660 νοῦντος,
290 1578 341 1641 καί
368 1580 532 1661 φεύγοντος
554 1578 613 1641 ἀπὸ
636 1578 736 1642 τόκταν
757 1580 800 1655 είς
821 1579 932 1653 τόπους
956 1579 990 1641 έν
1012 1577 1056 1642 ένλ
1078 1588 1138 1641 τῶν

122 1677 323 1739 κοιτανίσκων
341 1675 499 1758 κατέλαβεν
516 1676 608 1739 αὐτὸν
627 1674 646 1757 ἡ
666 1674 740 1759 ὀργὴ
759 1675 810 1737 καί
827 1677 942 1758 ῥίψασα
959 1672 1137 1757 ἀπέκτεινεν,

121 1774 196 1836 ὥστε
219 1775 373 1854 αἰφνίδιον
396 1774 558 1856 εὑρεθῆναι
580 1773 694 1857 νεκρόν.
1150 1794 1178 1837 εσ

188 1866 256 1950 Ἐφ’
278 1865 314 1935 οδ
332 1872 507 1946 Βιταλιανδς
525 1871 541 1935 δ
563 1868 643 1957 Θρᾲξ
664 1870 792 1952 ἀντάρας
815 1870 865 1932 καλ
883 1869 1064 1951 παραλαβὼν
1081 1871 1137 1951 τὴν
1150 1885 1189 1926 ⁶1⁷
1204 1884 1235 1923 Μ.

124 1965 250 2053 Θράκην
272 1969 334 2049 άμα
356 1970 480 2053 Σκυθίᾳ
505 1968 556 2030 καλ
579 1969 688 2052 Μυσίᾳ
716 1960 809 2047 ἦλθεν
836 1966 891 2041 ἕως
916 1978 970 2029 τοῦ
990 1962 1138 2030 Ἀνάπλου

120 2060 301 2148 πραιδεύον.
346 2064 419 2127 ἀλλὰ
447 2066 693 2145 ναυμαχήσαντος
723 2064 802 2148 αύτῷ
826 2065 971 2143 Μαρίνου
1001 2074 1054 2125 τοῦ
1080 2055 1161 2125 ὑπ’

124 2164 217 2245 άρχου
241 2162 311 2243 μετὰ
329 2163 417 2226 θείου
441 2161 570 2243 ἀπύρου,
593 2155 629 2223 ού
652 2160 844 2223 κατεσκεύασε
863 2160 999 2241 Πρόκλος
1017 2160 1033 2224 δ
1053 2160 1139 2238 φιλό-

124 2279 230 2340 σοφος,
252 2257 407 2336 κατέφλεξε
425 2257 477 2332 κάς
494 2267 570 2332 ναῦς
587 2268 646 2320 τῶν
665 2258 831 2338 βαρβάρων.
872 2255 1083 2336 βυθισθένταν
1106 2255 1139 2319 δέ
1151 2280 1179 2321 το

126 2358 248 2418 πάντων
266 2356 370 2435 σχεδὸν
391 2354 518 2417 Ούννοτν
536 2354 586 2417 καὶ
603 2354 730 2417 Γότθαν
748 2352 798 2415 καλ
816 2354 996 2435 Βουλγάρων
1017 2354 1068 2416 καλ
1085 2365 1139 2417 τού

198 2523 302 2573 11-15
318 2518 353 2585 cs.
368 2516 434 2572 Mal.
446 2534 475 2586 μ.
486 2521 548 2584 409,
559 2522 592 2570 17
610 2516 667 2570 Leo
682 2515 916 2584 Gramm.p.120,
929 2521 963 2569 10
977 2517 1022 2586 (cf.
1037 2516 1139 2571 Πολυτ-

125 2590 290 2659 euehungen
304 2606 334 2658 μ.
350 2590 420 2657 289).
441 2620 474 2631 -
495 2593 591 2658 16-μ.
606 2592 698 2655 610,2
717 2586 783 2641 Mal.
798 2604 828 2656 p.
843 2593 905 2654 402,
919 2594 1000 2657 θεας.

197 2737 213 2785 2
232 2728 384 2799 κεραταίαν
399 2729 454 2783 ΑΡ.
470 2762 504 2770 -
519 2728 583 2801 ἔχον
596 2729 646 2784 BV
660 2730 743 2801 (έχων
756 2730 838 2783 etiam
851 2730 908 2784 cod.
923 2730 1038 2784 Barroc.
1056 2703 1138 2784 Που-

124 2802 206 2872 ἀονι).
226 2834 260 2843 -
280 2806 313 2856 10
332 2804 404 2870 δορα
424 2801 485 2863 ινδς
502 2798 628 2869 (δυρρΕ
650 2804 715 2869 δωρ.
731 2800 760 2853 Μ
778 2797 853 2862 -ίνος
867 2798 901 2870 G)
915 2798 1027 2853 EGNP
1049 2801 1139 2867 δαρα-

125 2872 248 2945 χηνδςΒ
270 2823 430 2944 δυραγηνδς
448 2871 469 2926 G
492 2870 668 2942 δυρραχηνδς
680 2871 706 2925 V
724 2870 893 2941 δυρραχινδς
906 2870 954 2922 ΑΡ
972 2868 1140 2941 δυρραγίτης

128 2976 193 3033 Exc.
213 2978 249 3033 δε
267 2978 320 3033 ins.
341 2974 523 3048 (ἀναστασλου
541 2985 590 3033 τοῦ
608 2960 756 3048 δοραχλῐθ
779 2978 812 3030 λα
829 2982 897 3031 κολα
916 2976 1085 3045 πατςλκαλι).
1104 3007 1139 3015 -

128 3054 161 3104 18
180 3049 237 3104 ἀπὸ
259 3048 348 3107 τόπου
371 3048 411 3111 εἰς
432 3046 520 3105 τόπον
538 3047 587 3103 BV
597 3048 653 3103 Leo
676 3048 734 3103 ἀπὸ
755 3044 844 3102 τόπου
868 3045 908 3108 είς
929 3044 1033 3108 τόπους
1050 3046 1080 3099 L.
1105 3077 1138 3087 -

127 3124 161 3175 14
180 3119 267 3175 αύτδυ
289 3137 339 3176 om.
360 3119 416 3175 AB.
440 3150 474 3161 -
499 3124 532 3174 15
551 3116 699 3189 αἰφνίδιον
722 3135 772 3175 om.
792 3116 893 3173 NExc.
919 3147 952 3159 -
975 3116 1032 3185 εύρ.
1051 3116 1139 3173 αύτδν

126 3187 228 3258 νεκρόν
249 3191 306 3247 BV.
330 3222 365 3231 -
395 3194 428 3245 18
451 3188 575 3262 ἐπάρχου
597 3189 672 3245 PRV
681 3188 746 3244 Exo.
774 3190 838 3243 item
856 3205 886 3257 p.
906 3191 972 3254 620,
991 3193 1080 3254 6314.
1103 3219 1139 3228 -

127 3266 161 3387 2}
186 3260 278 3386 ούνὸτυ
300 3260 433 3315 BDPRV
465 3260 575 3317 ούννων
602 3278 635 3315 αα
663 3260 757 3317 ούυαν
783 3276 851 3315 corr.
879 3276 914 3314 m.
939 3263 955 3313 1
977 3265 1010 3314 αλ
1035 3260 1089 3315 vid.
1114 3257 1139 3313 G

125 3350 220 3386 ονιου
256 3373 261 3385 .
542 3373 544 3377 .

199 3464 281 3519 λκαλ
299 3462 403 3535 μεγάλῃ
422 3480 472 3519 om.
490 3436 521 3518 ¹P.
546 3494 579 3506 -
604 3469 709 3519 11-15
727 3464 768 3520 εἰσ
785 3464 817 3517 in
835 3461 870 3517 P:
893 3461 942 3516 καλ
959 3460 1139 3530 ἀρρωστήσας

126 3534 175 3587 καλ
207 3540 291 3605 ροχής
308 3534 428 3604 μεγάλης
445 3536 495 3589 καλ
510 3535 653 3605 ἀστραπῆς
671 3533 740 3603 μετὰ
758 3532 951 3602 σφοδροτάτης
964 3534 1081 3604 βροντῆς
1094 3549 1139 3601 γε·

127 3623 161 3659 νο
197 3624 248 3675 νης
265 3603 394 3661 ἀπέθανε
412 3606 550 3676 προηθελς
566 3602 715 3674 αἰφνίδιον
733 3607 778 3676 (cf.
793 3603 900 3674 Μειρ.
915 3603 1045 3672 10111).
