2617 3909
532 238 723 288 XPONIKON
1072 237 1136 301 571

118 393 208 446 τοῦτο
230 382 262 445 δὲ
280 383 438 463 ἐπενόησεν
462 382 478 445 δ
497 384 643 463 βασιλεύς,
667 385 717 444 ἴνα
735 385 911 466 συχνότερον
929 383 1140 463 ἐπισκέπτηται

119 482 240 555 αὐτούς.
287 482 416 563 μεγάλως
440 478 471 543 δὲ
494 481 618 560 τιμήσας
641 480 693 542 τὸν
713 476 863 562 Ἀρσένιον
886 482 1023 561 ἐποίησεν
1046 482 1141 543 αὐτὸν

122 582 212 659 μείζω
230 580 351 641 πάντων
369 579 401 640 ἐν
419 585 459 663 τῷ
473 580 613 663 παλατίῳ,
638 578 709 640 ὥστε
729 580 769 659 μή
788 573 867 640 είναί
882 603 949 640 τινα
969 590 1028 641 τῶν
1046 578 1138 641 ἐκεῖσε

121 676 325 759 λαμπροτέραν
348 676 440 738 αὐτοῦ
463 676 575 756 ἐσθῆτα
599 678 816 757 περικείμενον,
843 676 893 737 καί
920 675 1019 751 ἁπλῶς
1044 677 1137 738 εἰπεῖν

122 768 164 855 ἦν
186 774 283 855 πατήρ
305 784 359 835 τοῦ
382 773 523 855 βασιλέως
545 773 595 835 καί
617 784 677 835 τῶν
699 774 809 836 τέκνων
832 774 934 836 αὐτοῦ.
1168 796 1182 835 5

208 866 241 934 ‘0
255 865 465 955 οὖνἈρσένιος
476 871 654 953 παραλαβὼν
666 874 718 935 τόν
731 896 761 934 τε
767 868 925 955 Ἀρκάδιον
938 868 1139 953 καίὈνάριον

122 970 236 1053 ἀνήγεν
259 970 368 1044 αὐτοὺς
390 972 539 1050 θεοσεβῶς
562 969 744 1032 ἐκδιδάσκων
767 969 877 1042 αὐτοὺς
904 980 1003 1031 πᾶσαν
1029 971 1140 1048 σοφίαν

123 1069 215 1129 θείαν
237 1090 266 1128 τε
294 1066 344 1128 καί
366 1066 573 1148 ἀνθρωπίνην.
618 1068 827 1149 ταπεινάφρων
849 1065 882 1127 δὲ
905 1067 1046 1149 ὑπάρχων
1069 1066 1086 1129 δ
1109 1066 1142 1129 ἐν

122 1164 221 1246 ἁγίοις
232 1161 379 1246 Ἀρσένιος
397 1165 453 1226 οὐκ
471 1165 572 1245 ἐχρᾶτο
591 1164 693 1238 αὐτοῖς
710 1162 751 1237 ὥς
770 1170 931 1243 μαθηταῖς,
950 1158 1012 1225 ἀλλ’
1026 1162 1066 1237 δος
1087 1166 1142 1244 βα-

122 1267 264 1324 σιλεῦσιν.
302 1264 435 1335 καθίζων
453 1262 508 1344 γὰρ
528 1262 636 1335 αὐτοὺς
661 1261 709 1323 ἐπί
727 1262 783 1323 δύο
802 1262 925 1343 θρόνων
947 1258 1036 1333 αὐτὸς
1053 1282 1142 1343 παρι-
1156 1283 1183 1323 ιο

126 1362 271 1439 στάμενος
294 1360 446 1421 ἐδίδασκεν
469 1356 586 1433 αὐτούς.
622 1359 655 1421 έν
679 1366 732 1444 μιᾷ
754 1351 810 1420 οὖν
833 1369 892 1419 τῶν
911 1356 1028 1441 ήμερῶν
1051 1359 1141 1419 είσελ-

125 1458 239 1530 θόντος
261 1466 314 1519 τοῦ
337 1458 479 1538 βασιλέως
501 1457 644 1536 ἐξαίφνης
667 1457 741 1539 πρὸς
763 1453 887 1534 αὐτούς,
916 1455 972 1540 δρᾷ
991 1450 1142 1537 Ἀρσένιον

124 1553 182 1635 μέν
201 1556 366 1635 ίστάμενον,
389 1556 425 1616 τδι
443 1553 475 1617 δὲ
493 1554 580 1617 τέκνα
603 1552 695 1633 αὐτοῦ
716 1555 910 1633 καθεζόμενα,
936 1552 985 1615 καί
1003 1553 1142 1631 ἐλυπήθη

126 1652 246 1735 σφόδρα
268 1652 342 1714 κατὰ
361 1648 512 1735 Ἀρσενίου
535 1652 585 1714 καὶ
608 1639 683 1734 λέγει
705 1651 780 1734 πρὸς
802 1647 906 1713 αὐτόν·
930 1653 1008 1713 οὕτω
1028 1672 1144 1733 παρηγ-

124 1752 262 1833 γείλαμεν
285 1750 370 1829 ὑμῖν,
398 1752 448 1811 ἵνα
470 1753 627 1830 βασιλικῶς
654 1750 702 1811 καί
727 1749 769 1829 μή
792 1754 904 1829 μᾶλλον
928 1748 969 1823 ὡς
992 1754 1143 1828 μαθηταῖς
1158 1769 1184 1809 ιο

123 1848 220 1932 χρήση
248 1854 309 1921 τοῖς
336 1850 480 1924 παιδίοις;
512 1848 561 1909 καὶ
593 1850 623 1910 τί
650 1857 736 1909 τοῦτο
765 1848 945 1925 πεποίηκας;
977 1848 1058 1908 πάνυ
1087 1846 1143 1927 γδιρ

123 1946 275 2024 ἐλύπησας
293 1946 324 2007 τὸ
343 1943 484 2027 ἡμέτερον
506 1945 613 2027 κράτος
631 1945 784 2030 ἐντούτῳ.
821 1943 837 2006 ὁ
857 1943 889 2005 δέ
900 1940 1048 2025 Ἀρσένιος
1067 1943 1142 2025 πρὸς
1155 1957 1197 1996 471
1212 1955 1243 1994 M-

124 2044 179 2107 τὸν
202 2042 323 2123 βασιλέα
346 2044 416 2123 ἔφη·
443 2038 498 2104 οὐκ
520 2042 680 2124 ἡγησάμην
702 2041 817 2122 πρέπον
839 2035 931 2119 εἶναι,
953 2041 1143 2121 θεοστήρικτε

124 2144 258 2222 βασιλεῦ,
281 2139 331 2220 ἐμὲ
349 2139 539 2221 καθέζεσθαι,
561 2142 691 2220 βασιλεῖς
711 2137 743 2200 δὲ
762 2138 960 2221 παραστήκειν
979 2160 1037 2216 μοι.
1076 2134 1092 2197 δ
1112 2135 1144 2197 δὲ

125 2238 265 2319 βασιλεὺς
295 2236 445 2321 ὀργισθείς
472 2237 520 2299 ἐπὶ
546 2244 585 2322 τῷ
610 2239 686 2323 λόγῳ
713 2236 807 2321 τούτῳ
835 2234 985 2316 ἀπεκρίθη
1012 2236 1147 2317 βλοσυρῷ
1158 2256 1185 2295 κο

124 2343 166 2420 τῷ
196 2335 336 2416 βλέμματι
368 2335 443 2417 πρὸς
468 2330 619 2416 Ἀρσένιον
651 2333 756 2415 λέγων·
788 2333 825 2394 σὺ
857 2338 1002 2416 καθιστηλς
1034 2326 1144 2404 αὐτοὺς

126 2436 271 2515 βασιλεῖς;
295 2428 360 2515 οὐχί
383 2432 423 2505 ὡς
445 2432 532 2494 τέκνα
555 2431 604 2493 καὶ
627 2432 754 2505 δούλους
777 2429 934 2512 παρέδωκά
955 2448 1002 2491 σοι
1020 2424 1144 2505 αὖτούς;

126 2531 177 2593 καί
210 2532 258 2593 ἵνα
290 2533 320 2593 τί
346 2542 439 2600 ταῦτα
469 2530 604 2614 φθέγγη;
636 2529 686 2590 καί
717 2539 809 2590 ταῦτα
839 2527 933 2590 είπδον
961 2526 977 2588 δ
1005 2528 1143 2608 βασιλεὺς

126 2639 304 2711 παραχρῆμα
322 2629 432 2711 ἐπάρας
448 2628 483 2689 τὰ
497 2628 674 2707 διαδήματα,
693 2628 767 2709 άπερ
785 2621 864 2708 εἶχον
883 2625 931 2687 ἐπὶ
945 2625 997 2699 τὰς
1011 2624 1142 2703 κεφαλὰς

128 2722 243 2805 αὐτῶν,
271 2726 320 2787 καὶ
343 2728 435 2808 ῥίψας
458 2720 533 2787 αὐτὰ
555 2726 596 2799 είς
620 2726 674 2805 την
697 2735 755 2806 γήν
777 2731 860 2786 ποιεῖ
878 2720 987 2796 αὐτοὺς
1009 2723 1052 2796 είς
1075 2722 1145 2794 τοὺς
1159 2744 1185 2783 νο

128 2824 224 2897 πόδας
250 2818 342 2885 αὐτοῦ
368 2833 587 2907 προσκυνῆσαι,
614 2822 665 2884 καί
691 2824 821 2895 καθίσας
847 2822 900 2883 τὸν
920 2818 1071 2902 Ἀρσένιον
1099 2818 1147 2880 ἐπὶ

128 2922 245 3003 θρόνου
268 2922 400 2995 ἐκείνους
422 2922 620 3004 παραστήκειν
647 2920 726 3005 αὐτῷ
745 2919 895 2981 ἐκέλευσεν
917 2917 1010 2979 εἰπὼν
1033 2917 1105 2990 ὅτιῇ
1121 2916 1149 2977 εί

199 3116 215 3163 3
235 3107 333 3179 μείζων
351 3110 399 3163 FR
421 3106 514 3179 μείζον
534 3111 558 3163 Α
581 3108 693 3179 μείζονα
711 3109 742 3163 B.
765 3141 799 3147 —
822 3107 938 3161 πάντων
956 3114 1012 3160 τῶν
1032 3106 1062 3159 ἐν
1081 3105 1145 3159 BR.

128 3214 162 3223 -
181 3190 237 3236 τῶν
257 3181 343 3237 ἐκεῖσε
361 3198 411 3236 om.
426 3181 460 3233 N.
481 3212 514 3221 —-
534 3187 551 3234 4
569 3179 746 3251 λαμπροτέρα
764 3178 813 3233 ΟΕ
832 3186 857 3233 et
874 3178 899 3229 D
918 3180 950 3231 ιἰι
969 3194 1022 3247 quo
1041 3197 1057 3231 ν
1077 3180 1146 3231 καλ

128 3254 193 3307 αδδ.
208 3254 263 3308 vid.
279 3285 313 3292 —
333 3259 348 3305 6
367 3252 416 3305 καλ
430 3250 562 3320 Ὁνώριον
582 3270 631 3306 ουν.
647 3252 680 3305 R.
695 3282 730 3290 —
749 3250 869 3316 ὀνάριον
882 3248 963 3301 BDF
988 3248 1108 3315 ὀνάριον
1123 3248 1146 3300 Ε

129 3322 243 3390 δνόριον
266 3322 313 3377 GV
336 3320 449 3391 ὀνάριον
471 3324 501 3375 Μ
528 3322 649 3390 ὠνόριον
673 3322 705 3375 Α.
734 3354 769 3360 -
800 3327 814 3374 7
839 3319 981 3389 ἀνήγαγεν
1004 3320 1054 3373 BF
1082 3318 1148 3373 ἀνέ-

127 3414 230 3463 τρεφεν
248 3394 281 3447 R.
302 3427 334 3434 —
354 3394 457 3454 αὐτοὺς
472 3402 535 3463 μοστ
553 3393 727 3449 ἐκδιδάσκων
745 3409 795 3447 om.
813 3391 880 3445 MR.
901 3422 935 3431 -
960 3397 993 3445 16
1013 3387 1147 3457 ἐποίησας

129 3466 186 3518 ΑΒ.
206 3498 240 3507 -
265 3470 298 3519 18
318 3466 369 3536 οὐχ
387 3464 533 3534 ἡγησάμην
552 3465 612 3518 ER.
633 3496 669 3504 -
693 3469 725 3516 19
744 3461 927 3530 παριστήκειν
945 3462 975 3515 Μ
998 3459 1147 3528 παρειστή-

129 3556 191 3591 κειν
208 3536 234 3589 Β
258 3534 451 3605 παρίστασθαι
469 3535 517 3589 PV
544 3534 719 3604 παρεστάναι
736 3535 768 3588 Β.
792 3564 826 3573 -
850 3539 883 3585 21
904 3532 1010 3602 ὄμματι
1023 3531 1088 3583 NR.
1113 3562 1148 3570 —

130 3613 163 3661 27
183 3606 378 3675 παρειστήκειν
396 3607 450 3660 BR
472 3603 666 3675 παρίστασθαι
682 3605 709 3659 V
731 3613 905 3672 παρεστᾶναι
924 3604 954 3655 Ρ.
