<?xml version="1.0" encoding="UTF-8"?>
<!DOCTYPE html PUBLIC "-//W3C//DTD XHTML 1.0 Transitional//EN"
    "http://www.w3.org/TR/xhtml1/DTD/xhtml1-transitional.dtd">
<html xmlns="http://www.w3.org/1999/xhtml" xml:lang="en" lang="en">
 <head>
  <title>
</title>
<meta http-equiv="Content-Type" content="text/html;charset=utf-8" />
  <meta name='ocr-system' content='tesseract 3.04.00' />
  <meta name='ocr-capabilities' content='ocr_page ocr_carea ocr_par ocr_line ocrx_word'/>
</head>
<body>
  <div class='ocr_page' id='page_1' title='image "./georgiimonachic00boorgoog_0371.png"; bbox 0 0 2617 3909; ppageno 0'>
   <div class='ocr_carea' id='block_1_1' title="bbox 521 223 1120 286">
    <p class='ocr_par' dir='ltr' id='par_1_1' title="bbox 521 223 1120 286">
     <span class='ocr_line' id='line_1_1' title="bbox 521 223 1120 286; baseline 0 -12"><span class='ocrx_word' id='word_1_1' title='bbox 521 224 710 275; x_wconf 82' lang='lat' dir='ltr'>XPONIKON</span> <span class='ocrx_word' id='word_1_2' title='bbox 1057 223 1120 286; x_wconf 78' lang='grc'><strong><em>745</em></strong></span> 
     </span>
    </p>
   </div>
   <div class='ocr_carea' id='block_1_2' title="bbox 97 369 1218 2414">
    <p class='ocr_par' dir='ltr' id='par_1_2' title="bbox 97 369 1218 2414">
     <span class='ocr_line' id='line_1_2' title="bbox 103 369 1120 453; baseline 0 -21"><span class='ocrx_word' id='word_1_3' title='bbox 103 369 280 451; x_wconf 81' lang='grc' dir='ltr'><strong><em>καταλαβὼν</em></strong></span> <span class='ocrx_word' id='word_1_4' title='bbox 297 369 347 432; x_wconf 84' lang='grc' dir='ltr'><strong><em>καλ</em></strong></span> <span class='ocrx_word' id='word_1_5' title='bbox 365 369 560 453; x_wconf 85' lang='grc' dir='ltr'><strong><em>ἀντιπεράσας</em></strong></span> <span class='ocrx_word' id='word_1_6' title='bbox 579 372 651 434; x_wconf 83' lang='grc' dir='ltr'><strong><em>λαὸν</em></strong></span> <span class='ocrx_word' id='word_1_7' title='bbox 669 369 793 451; x_wconf 84' lang='grc' dir='ltr'><strong><em>άπειρον</em></strong></span> <span class='ocrx_word' id='word_1_8' title='bbox 810 371 859 432; x_wconf 85' lang='grc' dir='ltr'><strong><em>καλ</em></strong></span> <span class='ocrx_word' id='word_1_9' title='bbox 878 371 952 451; x_wconf 87' lang='grc' dir='ltr'><strong><em>πρὸς</em></strong></span> <span class='ocrx_word' id='word_1_10' title='bbox 965 371 1020 450; x_wconf 81' lang='grc' dir='ltr'><strong><em>τὴν</em></strong></span> <span class='ocrx_word' id='word_1_11' title='bbox 1033 371 1120 442; x_wconf 82' lang='grc' dir='ltr'><strong><em>πόλιν</em></strong></span> 
     </span>
     <span class='ocr_line' id='line_1_3' title="bbox 103 465 1120 550; baseline -0.002 -20"><span class='ocrx_word' id='word_1_12' title='bbox 103 469 269 550; x_wconf 74' lang='grc' dir='ltr'><strong><em>ἐξορμήσας</em></strong></span> <span class='ocrx_word' id='word_1_13' title='bbox 282 470 390 550; x_wconf 78' lang='grc' dir='ltr'><strong><em>γράφει</em></strong></span> <span class='ocrx_word' id='word_1_14' title='bbox 403 469 477 550; x_wconf 89' lang='grc' dir='ltr'><strong><em>πρὸς</em></strong></span> <span class='ocrx_word' id='word_1_15' title='bbox 488 474 658 548; x_wconf 79' lang='grc' dir='ltr'><strong><em>Σουλεϊμᾶν</em></strong></span> <span class='ocrx_word' id='word_1_16' title='bbox 672 469 724 532; x_wconf 88' lang='grc' dir='ltr'><strong><em>τὸν</em></strong></span> <span class='ocrx_word' id='word_1_17' title='bbox 738 469 1007 549; x_wconf 89' lang='grc' dir='ltr'><strong><em>πρωτοσύμβουλον</em></strong></span> <span class='ocrx_word' id='word_1_18' title='bbox 1021 465 1120 541; x_wconf 74' lang='grc' dir='ltr'><strong><em>ἐλθεῖν</em></strong></span> 
     </span>
     <span class='ocr_line' id='line_1_4' title="bbox 108 565 1120 656; baseline -0.001 -28"><span class='ocrx_word' id='word_1_19' title='bbox 108 566 142 628; x_wconf 78' lang='grc' dir='ltr'><strong><em>ἐν</em></strong></span> <span class='ocrx_word' id='word_1_20' title='bbox 164 567 243 647; x_wconf 86' lang='grc' dir='ltr'><strong><em>τάχει</em></strong></span> <span class='ocrx_word' id='word_1_21' title='bbox 270 565 340 646; x_wconf 81' lang='grc' dir='ltr'><strong><em>μετὰ</em></strong></span> <span class='ocrx_word' id='word_1_22' title='bbox 366 577 420 628; x_wconf 84' lang='grc' dir='ltr'><strong><em>τοῦ</em></strong></span> <span class='ocrx_word' id='word_1_23' title='bbox 443 566 556 628; x_wconf 89' lang='grc' dir='ltr'><strong><em>στόλου.</em></strong></span> <span class='ocrx_word' id='word_1_24' title='bbox 601 566 652 628; x_wconf 85' lang='grc' dir='ltr'><strong><em>καλ</em></strong></span> <span class='ocrx_word' id='word_1_25' title='bbox 674 577 709 653; x_wconf 79' lang='grc' dir='ltr'><strong><em>νή</em></strong></span> <span class='ocrx_word' id='word_1_26' title='bbox 734 566 788 647; x_wconf 75' lang='grc' dir='ltr'><strong><em>μὲν</em></strong></span> <span class='ocrx_word' id='word_1_27' title='bbox 810 565 854 643; x_wconf 66' lang='grc' dir='ltr'><strong><em>ιε’4</em></strong></span> <span class='ocrx_word' id='word_1_28' title='bbox 867 577 919 629; x_wconf 84' lang='grc' dir='ltr'><strong><em>τοῦ</em></strong></span> <span class='ocrx_word' id='word_1_29' title='bbox 942 567 1120 656; x_wconf 73' lang='grc' dir='ltr'><strong><em>Αὐγούστου</em></strong></span> 
     </span>
     <span class='ocr_line' id='line_1_5' title="bbox 107 664 1121 748; baseline -0.001 -21"><span class='ocrx_word' id='word_1_30' title='bbox 107 664 204 743; x_wconf 87' lang='grc' dir='ltr'><strong><em>μηνὸς</em></strong></span> <span class='ocrx_word' id='word_1_31' title='bbox 225 666 434 746; x_wconf 77' lang='grc' dir='ltr'><strong><em>παρακαθίσας</em></strong></span> <span class='ocrx_word' id='word_1_32' title='bbox 456 664 511 744; x_wconf 79' lang='grc' dir='ltr'><strong><em>τὴν</em></strong></span> <span class='ocrx_word' id='word_1_33' title='bbox 533 666 621 728; x_wconf 86' lang='grc' dir='ltr'><strong><em>πόλιν</em></strong></span> <span class='ocrx_word' id='word_1_34' title='bbox 642 665 693 726; x_wconf 86' lang='grc' dir='ltr'><strong><em>καὶ</em></strong></span> <span class='ocrx_word' id='word_1_35' title='bbox 715 665 748 728; x_wconf 89' lang='grc' dir='ltr'><strong><em>τὸ</em></strong></span> <span class='ocrx_word' id='word_1_36' title='bbox 768 672 903 748; x_wconf 74' lang='grc' dir='ltr'><strong><em>χερσαῖον</em></strong></span> <span class='ocrx_word' id='word_1_37' title='bbox 925 671 1018 746; x_wconf 86' lang='grc' dir='ltr'><strong><em>τεῖχος</em></strong></span> <span class='ocrx_word' id='word_1_38' title='bbox 1040 687 1121 747; x_wconf 88' lang='grc' dir='ltr'><strong><em>περι-</em></strong></span> 
     </span>
     <span class='ocr_line' id='line_1_6' title="bbox 104 756 1160 850; baseline 0.003 -28"><span class='ocrx_word' id='word_1_39' title='bbox 104 762 277 843; x_wconf 80' lang='grc' dir='ltr'><strong><em>χαρακώσας</em></strong></span> <span class='ocrx_word' id='word_1_40' title='bbox 305 756 475 841; x_wconf 76' lang='grc' dir='ltr'><strong><em>ἐλυμαίνετο</em></strong></span> <span class='ocrx_word' id='word_1_41' title='bbox 503 762 620 843; x_wconf 80' lang='grc' dir='ltr'><strong><em>σφόδρα</em></strong></span> <span class='ocrx_word' id='word_1_42' title='bbox 642 763 678 824; x_wconf 84' lang='grc' dir='ltr'><strong><em>τά</em></strong></span> <span class='ocrx_word' id='word_1_43' title='bbox 704 766 828 850; x_wconf 66' lang='grc' dir='ltr'><strong><em>Θρμκηλα</em></strong></span> <span class='ocrx_word' id='word_1_44' title='bbox 855 763 945 848; x_wconf 78' lang='grc' dir='ltr'><strong><em>μέρη,</em></strong></span> <span class='ocrx_word' id='word_1_45' title='bbox 971 772 1006 848; x_wconf 78' lang='grc' dir='ltr'><strong><em>τῇ</em></strong></span> <span class='ocrx_word' id='word_1_46' title='bbox 1034 761 1066 826; x_wconf 77' lang='grc' dir='ltr'><strong><em>δὲ</em></strong></span> <span class='ocrx_word' id='word_1_47' title='bbox 1088 759 1121 822; x_wconf 81' lang='grc' dir='ltr'><strong><em>α’</em></strong></span> <span class='ocrx_word' id='word_1_48' title='bbox 1149 785 1160 825; x_wconf 80' lang='grc' dir='ltr'><strong><em>τ</em></strong></span> 
     </span>
     <span class='ocr_line' id='line_1_7' title="bbox 106 859 1122 942; baseline 0 -22"><span class='ocrx_word' id='word_1_49' title='bbox 106 869 159 921; x_wconf 84' lang='grc' dir='ltr'><strong><em>τοῦ</em></strong></span> <span class='ocrx_word' id='word_1_50' title='bbox 182 861 386 941; x_wconf 89' lang='grc' dir='ltr'><strong><em>Σεπτεμβρίου</em></strong></span> <span class='ocrx_word' id='word_1_51' title='bbox 415 861 510 941; x_wconf 88' lang='grc' dir='ltr'><strong><em>μηνὸς</em></strong></span> <span class='ocrx_word' id='word_1_52' title='bbox 537 859 679 941; x_wconf 79' lang='grc' dir='ltr'><strong><em>ἀνέβαλεν</em></strong></span> <span class='ocrx_word' id='word_1_53' title='bbox 706 860 722 922; x_wconf 85' lang='grc' dir='ltr'>ὁ</span> <span class='ocrx_word' id='word_1_54' title='bbox 746 866 915 941; x_wconf 84' lang='grc' dir='ltr'><strong><em>Σουλεϊμᾶν</em></strong></span> <span class='ocrx_word' id='word_1_55' title='bbox 941 861 1015 942; x_wconf 76' lang='grc' dir='ltr'><strong><em>ἔχων</em></strong></span> <span class='ocrx_word' id='word_1_56' title='bbox 1042 883 1122 940; x_wconf 93' lang='grc' dir='ltr'><strong><em>παμ-</em></strong></span> 
     </span>
     <span class='ocr_line' id='line_1_8' title="bbox 104 958 1218 1041; baseline -0.002 -21"><span class='ocrx_word' id='word_1_57' title='bbox 104 958 240 1041; x_wconf 76' lang='grc' dir='ltr'><strong><em>μεγέθεις</em></strong></span> <span class='ocrx_word' id='word_1_58' title='bbox 263 969 338 1033; x_wconf 85' lang='grc' dir='ltr'><strong><em>ναῦς</em></strong></span> <span class='ocrx_word' id='word_1_59' title='bbox 363 959 413 1020; x_wconf 87' lang='grc' dir='ltr'><strong><em>καλ</em></strong></span> <span class='ocrx_word' id='word_1_60' title='bbox 435 960 594 1040; x_wconf 76' lang='grc' dir='ltr'><strong><em>πολεμικὰς</em></strong></span> <span class='ocrx_word' id='word_1_61' title='bbox 616 959 756 1041; x_wconf 78' lang='grc' dir='ltr'><strong><em>τειχήρεις</em></strong></span> <span class='ocrx_word' id='word_1_62' title='bbox 782 958 832 1021; x_wconf 82' lang='grc' dir='ltr'><strong><em>καὶ</em></strong></span> <span class='ocrx_word' id='word_1_63' title='bbox 855 959 1010 1041; x_wconf 80' lang='grc' dir='ltr'><strong><em>δρύμοτνας</em></strong></span> <span class='ocrx_word' id='word_1_64' title='bbox 1033 959 1120 1040; x_wconf 83' lang='grc' dir='ltr'><strong><em>μεγά-</em></strong></span> <span class='ocrx_word' id='word_1_65' title='bbox 1216 1025 1218 1032; x_wconf 50' lang='grc'>,</span> 
     </span>
     <span class='ocr_line' id='line_1_9' title="bbox 102 1055 1120 1139; baseline 0 -22"><span class='ocrx_word' id='word_1_66' title='bbox 102 1062 175 1131; x_wconf 90' lang='grc' dir='ltr'><strong><em>λους</em></strong></span> <span class='ocrx_word' id='word_1_67' title='bbox 202 1058 283 1119; x_wconf 90' lang='grc' dir='ltr'><strong><em>πάνυ</em></strong></span> <span class='ocrx_word' id='word_1_68' title='bbox 310 1059 423 1139; x_wconf 82' lang='grc' dir='ltr'><strong><em>χιλίους</em></strong></span> <span class='ocrx_word' id='word_1_69' title='bbox 445 1055 645 1132; x_wconf 80' lang='grc' dir='ltr'><strong><em>ὀκτακοσίους.</em></strong></span> <span class='ocrx_word' id='word_1_70' title='bbox 691 1055 707 1118; x_wconf 80' lang='grc' dir='ltr'><em>ὅ</em></span> <span class='ocrx_word' id='word_1_71' title='bbox 731 1056 763 1119; x_wconf 80' lang='grc' dir='ltr'><strong><em>δὲ</em></strong></span> <span class='ocrx_word' id='word_1_72' title='bbox 785 1057 922 1138; x_wconf 81' lang='grc' dir='ltr'><strong><em>βασιλεὺς</em></strong></span> <span class='ocrx_word' id='word_1_73' title='bbox 948 1056 1000 1130; x_wconf 83' lang='grc' dir='ltr'><strong><em>τάς</em></strong></span> <span class='ocrx_word' id='word_1_74' title='bbox 1027 1057 1120 1135; x_wconf 79' lang='grc' dir='ltr'><strong><em>ἐμπν-</em></strong></span> 
     </span>
     <span class='ocr_line' id='line_1_10' title="bbox 104 1149 1120 1237; baseline 0.001 -21"><span class='ocrx_word' id='word_1_75' title='bbox 104 1157 190 1237; x_wconf 91' lang='grc' dir='ltr'><strong><em>ρίους</em></strong></span> <span class='ocrx_word' id='word_1_76' title='bbox 213 1165 288 1230; x_wconf 83' lang='grc' dir='ltr'><strong><em>ναῦς</em></strong></span> <span class='ocrx_word' id='word_1_77' title='bbox 310 1151 374 1216; x_wconf 91' lang='grc' dir='ltr'><strong><em>κατ’</em></strong></span> <span class='ocrx_word' id='word_1_78' title='bbox 395 1156 495 1218; x_wconf 78' lang='grc' dir='ltr'><strong><em>αὐτῶν</em></strong></span> <span class='ocrx_word' id='word_1_79' title='bbox 517 1154 672 1237; x_wconf 79' lang='grc' dir='ltr'><strong><em>ἐκπέμψας</em></strong></span> <span class='ocrx_word' id='word_1_80' title='bbox 698 1149 901 1236; x_wconf 58' lang='grc' dir='ltr'><strong><em>πυρῗαλώτους</em></strong></span> <span class='ocrx_word' id='word_1_81' title='bbox 927 1155 1046 1234; x_wconf 84' lang='grc' dir='ltr'><strong><em>ἐποίησε</em></strong></span> <span class='ocrx_word' id='word_1_82' title='bbox 1069 1153 1120 1228; x_wconf 82' lang='grc' dir='ltr'><strong><em>τὰς</em></strong></span> 
     </span>
     <span class='ocr_line' id='line_1_11' title="bbox 103 1250 1159 1337; baseline 0.003 -24"><span class='ocrx_word' id='word_1_83' title='bbox 103 1254 240 1327; x_wconf 88' lang='grc' dir='ltr'><strong><em>πλείστας</em></strong></span> <span class='ocrx_word' id='word_1_84' title='bbox 267 1253 317 1315; x_wconf 85' lang='grc' dir='ltr'><strong><em>καί</em></strong></span> <span class='ocrx_word' id='word_1_85' title='bbox 344 1254 475 1337; x_wconf 84' lang='grc' dir='ltr'><strong><em>φοβερὰς</em></strong></span> <span class='ocrx_word' id='word_1_86' title='bbox 502 1263 578 1328; x_wconf 85' lang='grc' dir='ltr'><strong><em>ναῦς</em></strong></span> <span class='ocrx_word' id='word_1_87' title='bbox 606 1254 728 1326; x_wconf 80' lang='grc' dir='ltr'><strong><em>ἐκείνας.</em></strong></span> <span class='ocrx_word' id='word_1_88' title='bbox 773 1252 879 1314; x_wconf 79' lang='grc' dir='ltr'><strong><em>αὐτίκα</em></strong></span> <span class='ocrx_word' id='word_1_89' title='bbox 905 1262 980 1334; x_wconf 77' lang='grc' dir='ltr'><strong><em>γοῦν</em></strong></span> <span class='ocrx_word' id='word_1_90' title='bbox 1007 1253 1041 1317; x_wconf 81' lang='grc' dir='ltr'><strong><em>αλ</em></strong></span> <span class='ocrx_word' id='word_1_91' title='bbox 1065 1250 1119 1332; x_wconf 79' lang='grc' dir='ltr'><strong><em>μὲν</em></strong></span> <span class='ocrx_word' id='word_1_92' title='bbox 1133 1276 1159 1316; x_wconf 83' lang='grc' dir='ltr'><strong><em>ιο</em></strong></span> 
     </span>
     <span class='ocr_line' id='line_1_12' title="bbox 100 1349 1123 1434; baseline -0.001 -23"><span class='ocrx_word' id='word_1_93' title='bbox 100 1351 146 1424; x_wconf 81' lang='grc' dir='ltr'><strong><em>εἰς</em></strong></span> <span class='ocrx_word' id='word_1_94' title='bbox 173 1349 209 1412; x_wconf 80' lang='grc' dir='ltr'><strong><em>τὰ</em></strong></span> <span class='ocrx_word' id='word_1_95' title='bbox 236 1352 365 1433; x_wconf 88' lang='grc' dir='ltr'><strong><em>παράλια</em></strong></span> <span class='ocrx_word' id='word_1_96' title='bbox 391 1353 470 1433; x_wconf 80' lang='grc' dir='ltr'><strong><em>τείχη</em></strong></span> <span class='ocrx_word' id='word_1_97' title='bbox 495 1353 737 1434; x_wconf 88' lang='grc' dir='ltr'><strong><em>πυρπολούμεναι</em></strong></span> <span class='ocrx_word' id='word_1_98' title='bbox 763 1351 1060 1433; x_wconf 78' lang='grc' dir='ltr'><strong><em>προσαπερρίφησαν,</em></strong></span> <span class='ocrx_word' id='word_1_99' title='bbox 1089 1351 1123 1411; x_wconf 77' lang='grc' dir='ltr'><strong><em>αἱ</em></strong></span> 
     </span>
     <span class='ocr_line' id='line_1_13' title="bbox 101 1445 1119 1532; baseline -0.002 -22"><span class='ocrx_word' id='word_1_100' title='bbox 101 1445 136 1510; x_wconf 72' lang='grc' dir='ltr'><strong><em>δὲ</em></strong></span> <span class='ocrx_word' id='word_1_101' title='bbox 155 1448 197 1522; x_wconf 87' lang='grc' dir='ltr'><strong><em>είς</em></strong></span> <span class='ocrx_word' id='word_1_102' title='bbox 215 1449 268 1512; x_wconf 87' lang='grc' dir='ltr'><strong><em>τὸν</em></strong></span> <span class='ocrx_word' id='word_1_103' title='bbox 285 1449 386 1530; x_wconf 84' lang='grc' dir='ltr'><strong><em>βυθὸν</em></strong></span> <span class='ocrx_word' id='word_1_104' title='bbox 403 1448 565 1532; x_wconf 75' lang='grc' dir='ltr'><strong><em>αὔτανδροι</em></strong></span> <span class='ocrx_word' id='word_1_105' title='bbox 583 1450 813 1528; x_wconf 85' lang='grc' dir='ltr'><strong><em>συνωθούμεναι</em></strong></span> <span class='ocrx_word' id='word_1_106' title='bbox 835 1450 1119 1528; x_wconf 84' lang='grc' dir='ltr'><strong><em>κατεποντίσθησαν,</em></strong></span> 
     </span>
     <span class='ocr_line' id='line_1_14' title="bbox 99 1542 1119 1630; baseline -0.002 -22"><span class='ocrx_word' id='word_1_107' title='bbox 99 1545 197 1626; x_wconf 75' lang='grc' dir='ltr'><strong><em>ἕτεραι</em></strong></span> <span class='ocrx_word' id='word_1_108' title='bbox 216 1544 247 1608; x_wconf 76' lang='grc' dir='ltr'><strong><em>δὲ</em></strong></span> <span class='ocrx_word' id='word_1_109' title='bbox 265 1545 348 1630; x_wconf 64' lang='grc' dir='ltr'><strong><em>μέχρι</em></strong></span> <span class='ocrx_word' id='word_1_110' title='bbox 366 1556 419 1626; x_wconf 80' lang='grc' dir='ltr'><strong><em>τῆς</em></strong></span> <span class='ocrx_word' id='word_1_111' title='bbox 434 1542 545 1622; x_wconf 75' lang='grc' dir='ltr'><strong><em>Ὀζείας</em></strong></span> <span class='ocrx_word' id='word_1_112' title='bbox 562 1548 658 1627; x_wconf 82' lang='grc' dir='ltr'><strong><em>νήσου</em></strong></span> <span class='ocrx_word' id='word_1_113' title='bbox 676 1545 727 1608; x_wconf 83' lang='grc' dir='ltr'><strong><em>καί</em></strong></span> <span class='ocrx_word' id='word_1_114' title='bbox 740 1547 887 1620; x_wconf 83' lang='grc' dir='ltr'><strong><em>Πλατείας</em></strong></span> <span class='ocrx_word' id='word_1_115' title='bbox 904 1545 1119 1628; x_wconf 77' lang='grc' dir='ltr'><strong><em>ἀπηνέχθησαν</em></strong></span> 
     </span>
     <span class='ocr_line' id='line_1_15' title="bbox 99 1642 1119 1727; baseline -0.002 -21"><span class='ocrx_word' id='word_1_116' title='bbox 99 1645 362 1726; x_wconf 78' lang='grc' dir='ltr'><strong><em>καταφλεγόμεναι.</em></strong></span> <span class='ocrx_word' id='word_1_117' title='bbox 394 1645 559 1708; x_wconf 86' lang='grc' dir='ltr'><strong><em>κάντεῦθεν</em></strong></span> <span class='ocrx_word' id='word_1_118' title='bbox 577 1648 681 1708; x_wconf 85' lang='grc' dir='ltr'><strong><em>τοίνυν</em></strong></span> <span class='ocrx_word' id='word_1_119' title='bbox 699 1645 731 1706; x_wconf 90' lang='grc' dir='ltr'><strong><em>οί</em></strong></span> <span class='ocrx_word' id='word_1_120' title='bbox 747 1642 800 1724; x_wconf 74' lang='grc' dir='ltr'><strong><em>μὲν</em></strong></span> <span class='ocrx_word' id='word_1_121' title='bbox 814 1653 867 1725; x_wconf 76' lang='grc' dir='ltr'><strong><em>τῆς</em></strong></span> <span class='ocrx_word' id='word_1_122' title='bbox 880 1645 992 1718; x_wconf 84' lang='grc' dir='ltr'><strong><em>πόλεως</em></strong></span> <span class='ocrx_word' id='word_1_123' title='bbox 1005 1644 1119 1727; x_wconf 78' lang='grc' dir='ltr'><strong><em>θάρσος</em></strong></span> 
     </span>
     <span class='ocr_line' id='line_1_16' title="bbox 99 1741 1158 1826; baseline 0 -22"><span class='ocrx_word' id='word_1_124' title='bbox 99 1743 221 1824; x_wconf 79' lang='grc' dir='ltr'><strong><em>ἔλαβον,</em></strong></span> <span class='ocrx_word' id='word_1_125' title='bbox 244 1744 277 1804; x_wconf 85' lang='grc' dir='ltr'><strong><em>οί</em></strong></span> <span class='ocrx_word' id='word_1_126' title='bbox 292 1741 323 1804; x_wconf 79' lang='grc' dir='ltr'><strong><em>δὲ</em></strong></span> <span class='ocrx_word' id='word_1_127' title='bbox 342 1743 476 1823; x_wconf 82' lang='grc' dir='ltr'><strong><em>πολέμιοι</em></strong></span> <span class='ocrx_word' id='word_1_128' title='bbox 498 1743 682 1823; x_wconf 80' lang='grc' dir='ltr'><strong><em>κατίπτηξαν</em></strong></span> <span class='ocrx_word' id='word_1_129' title='bbox 705 1743 836 1823; x_wconf 79' lang='grc' dir='ltr'><strong><em>μεγάλως</em></strong></span> <span class='ocrx_word' id='word_1_130' title='bbox 858 1741 908 1803; x_wconf 79' lang='grc' dir='ltr'><strong><em>καί</em></strong></span> <span class='ocrx_word' id='word_1_131' title='bbox 926 1741 1117 1826; x_wconf 68' lang='grc' dir='ltr'><strong><em>ἐξελύθησαν</em></strong></span> <span class='ocrx_word' id='word_1_132' title='bbox 1132 1764 1158 1804; x_wconf 77' lang='lat'><strong><em>15</em></strong></span> 
     </span>
     <span class='ocr_line' id='line_1_17' title="bbox 98 1837 1118 1926; baseline 0 -25"><span class='ocrx_word' id='word_1_133' title='bbox 98 1843 141 1924; x_wconf 79' lang='grc' dir='ltr'><strong><em>τῷ</em></strong></span> <span class='ocrx_word' id='word_1_134' title='bbox 165 1837 198 1902; x_wconf 76' lang='grc' dir='ltr'><strong><em>δὲ</em></strong></span> <span class='ocrx_word' id='word_1_135' title='bbox 226 1840 332 1926; x_wconf 77' lang='grc' dir='ltr'><strong><em>ἐαρινῷ</em></strong></span> <span class='ocrx_word' id='word_1_136' title='bbox 356 1849 448 1926; x_wconf 81' lang='grc' dir='ltr'><strong><em>καιρῷ</em></strong></span> <span class='ocrx_word' id='word_1_137' title='bbox 472 1842 590 1922; x_wconf 82' lang='grc' dir='ltr'><strong><em>λοιμική</em></strong></span> <span class='ocrx_word' id='word_1_138' title='bbox 617 1842 707 1914; x_wconf 85' lang='grc' dir='ltr'><strong><em>νόσος</em></strong></span> <span class='ocrx_word' id='word_1_139' title='bbox 738 1841 780 1914; x_wconf 85' lang='grc' dir='ltr'><strong><em>εἰς</em></strong></span> <span class='ocrx_word' id='word_1_140' title='bbox 807 1841 916 1914; x_wconf 81' lang='grc' dir='ltr'><strong><em>αὐτούς</em></strong></span> <span class='ocrx_word' id='word_1_141' title='bbox 942 1840 1118 1919; x_wconf 80' lang='grc' dir='ltr'><strong><em>ἕνσκήψασα</em></strong></span> 
     </span>
     <span class='ocr_line' id='line_1_18' title="bbox 100 1937 1216 2022; baseline -0.002 -22"><span class='ocrx_word' id='word_1_142' title='bbox 100 1939 176 2019; x_wconf 86' lang='grc' dir='ltr'><strong><em>μετὰ</em></strong></span> <span class='ocrx_word' id='word_1_143' title='bbox 198 1945 285 2019; x_wconf 83' lang='grc' dir='ltr'><strong><em>λιμοῦ</em></strong></span> <span class='ocrx_word' id='word_1_144' title='bbox 308 1946 427 2020; x_wconf 77' lang='grc' dir='ltr'><strong><em>πλῆθος</em></strong></span> <span class='ocrx_word' id='word_1_145' title='bbox 449 1938 657 2022; x_wconf 78' lang='grc' dir='ltr'><strong><em>ἀναρίθμητον</em></strong></span> <span class='ocrx_word' id='word_1_146' title='bbox 684 1940 715 2014; x_wconf 78' lang='grc' dir='ltr'><strong><em>ἐξ</em></strong></span> <span class='ocrx_word' id='word_1_147' title='bbox 737 1939 836 2002; x_wconf 81' lang='grc' dir='ltr'><strong><em>αὐτῶν</em></strong></span> <span class='ocrx_word' id='word_1_148' title='bbox 864 1937 1042 2018; x_wconf 78' lang='grc' dir='ltr'><strong><em>διέφθειρεν.</em></strong></span> <span class='ocrx_word' id='word_1_149' title='bbox 1088 1938 1117 2012; x_wconf 83' lang='grc' dir='ltr'><strong><em>ἕξ</em></strong></span> <span class='ocrx_word' id='word_1_150' title='bbox 1132 1961 1172 2000; x_wconf 77' lang='grc' dir='ltr'><strong><em>εει</em></strong></span> <span class='ocrx_word' id='word_1_151' title='bbox 1185 1960 1216 1999; x_wconf 78' lang='grc' dir='ltr'><strong><em>τι.</em></strong></span> 
     </span>
     <span class='ocr_line' id='line_1_19' title="bbox 97 2029 1117 2123; baseline -0.002 -25"><span class='ocrx_word' id='word_1_152' title='bbox 97 2029 145 2098; x_wconf 82' lang='grc' dir='ltr'><strong><em>ὧν</em></strong></span> <span class='ocrx_word' id='word_1_153' title='bbox 167 2039 200 2100; x_wconf 86' lang='grc' dir='ltr'><strong><em>οί</em></strong></span> <span class='ocrx_word' id='word_1_154' title='bbox 214 2036 453 2118; x_wconf 78' lang='grc' dir='ltr'><strong><em>περιλειφθέντες</em></strong></span> <span class='ocrx_word' id='word_1_155' title='bbox 471 2039 600 2118; x_wconf 89' lang='grc' dir='ltr'><strong><em>πόλεμον</em></strong></span> <span class='ocrx_word' id='word_1_156' title='bbox 618 2038 651 2099; x_wconf 80' lang='grc' dir='ltr'><strong><em>ἕν</em></strong></span> <span class='ocrx_word' id='word_1_157' title='bbox 670 2047 705 2123; x_wconf 80' lang='grc' dir='ltr'><strong><em>τή</em></strong></span> <span class='ocrx_word' id='word_1_158' title='bbox 728 2034 831 2120; x_wconf 75' lang='grc' dir='ltr'><strong><em>Θρηίκη</em></strong></span> <span class='ocrx_word' id='word_1_159' title='bbox 850 2036 920 2117; x_wconf 79' lang='grc' dir='ltr'><strong><em>μετὰ</em></strong></span> <span class='ocrx_word' id='word_1_160' title='bbox 937 2037 1117 2118; x_wconf 78' lang='grc' dir='ltr'><strong><em>Βουλμάροον</em></strong></span> 
     </span>
     <span class='ocr_line' id='line_1_20' title="bbox 97 2131 1117 2219; baseline -0.002 -23"><span class='ocrx_word' id='word_1_161' title='bbox 97 2136 290 2212; x_wconf 78' lang='grc' dir='ltr'><strong><em>συνάψαντες</em></strong></span> <span class='ocrx_word' id='word_1_162' title='bbox 308 2135 502 2219; x_wconf 76' lang='grc' dir='ltr'><strong><em>ἀνῃρέθησαν</em></strong></span> <span class='ocrx_word' id='word_1_163' title='bbox 520 2137 647 2217; x_wconf 79' lang='grc' dir='ltr'><strong><em>χιλιάδες</em></strong></span> <span class='ocrx_word' id='word_1_164' title='bbox 665 2132 726 2216; x_wconf 78' lang='grc' dir='ltr'><strong><em>νβ’.</em></strong></span> <span class='ocrx_word' id='word_1_165' title='bbox 762 2143 798 2218; x_wconf 78' lang='grc' dir='ltr'><strong><em>τῇ</em></strong></span> <span class='ocrx_word' id='word_1_166' title='bbox 818 2132 850 2196; x_wconf 76' lang='grc' dir='ltr'><strong><em>δὲ</em></strong></span> <span class='ocrx_word' id='word_1_167' title='bbox 868 2131 907 2195; x_wconf 87' lang='grc' dir='ltr'><strong><em>ιε’</em></strong></span> <span class='ocrx_word' id='word_1_168' title='bbox 925 2142 978 2195; x_wconf 85' lang='grc' dir='ltr'><strong><em>τοῦ</em></strong></span> <span class='ocrx_word' id='word_1_169' title='bbox 996 2133 1117 2215; x_wconf 70' lang='grc' dir='ltr'><strong><em>Αὐγού-</em></strong></span> 
     </span>
     <span class='ocr_line' id='line_1_21' title="bbox 97 2230 1157 2313; baseline 0.001 -20"><span class='ocrx_word' id='word_1_170' title='bbox 97 2250 172 2294; x_wconf 92' lang='grc' dir='ltr'><strong><em>στου</em></strong></span> <span class='ocrx_word' id='word_1_171' title='bbox 196 2234 291 2312; x_wconf 87' lang='grc' dir='ltr'><strong><em>μηνὸς</em></strong></span> <span class='ocrx_word' id='word_1_172' title='bbox 313 2232 346 2294; x_wconf 78' lang='grc' dir='ltr'><strong><em>ἐκ</em></strong></span> <span class='ocrx_word' id='word_1_173' title='bbox 368 2243 421 2312; x_wconf 80' lang='grc' dir='ltr'><strong><em>τῆς</em></strong></span> <span class='ocrx_word' id='word_1_174' title='bbox 443 2233 554 2307; x_wconf 83' lang='grc' dir='ltr'><strong><em>πόλεως</em></strong></span> <span class='ocrx_word' id='word_1_175' title='bbox 576 2232 756 2313; x_wconf 80' lang='grc' dir='ltr'><strong><em>ἀπάραντες,</em></strong></span> <span class='ocrx_word' id='word_1_176' title='bbox 779 2230 830 2292; x_wconf 87' lang='grc' dir='ltr'><strong><em>καλ</em></strong></span> <span class='ocrx_word' id='word_1_177' title='bbox 852 2230 964 2310; x_wconf 78' lang='grc' dir='ltr'><strong><em>ἀνέμου</em></strong></span> <span class='ocrx_word' id='word_1_178' title='bbox 987 2232 1116 2309; x_wconf 81' lang='grc' dir='ltr'><strong><em>σφοδρο-</em></strong></span> <span class='ocrx_word' id='word_1_179' title='bbox 1131 2255 1157 2294; x_wconf 81' lang='grc' dir='ltr'><strong><em>εο</em></strong></span> 
     </span>
     <span class='ocr_line' id='line_1_22' title="bbox 97 2327 1117 2414; baseline -0.001 -24"><span class='ocrx_word' id='word_1_180' title='bbox 97 2330 190 2390; x_wconf 90' lang='grc' dir='ltr'><strong><em>τάτου</em></strong></span> <span class='ocrx_word' id='word_1_181' title='bbox 212 2331 409 2410; x_wconf 85' lang='grc' dir='ltr'><strong><em>πνεύσαντος,</em></strong></span> <span class='ocrx_word' id='word_1_182' title='bbox 438 2332 469 2392; x_wconf 86' lang='grc' dir='ltr'><strong><em>οί</em></strong></span> <span class='ocrx_word' id='word_1_183' title='bbox 491 2329 545 2410; x_wconf 72' lang='grc' dir='ltr'><strong><em>μὲν</em></strong></span> <span class='ocrx_word' id='word_1_184' title='bbox 573 2331 605 2393; x_wconf 79' lang='grc' dir='ltr'><strong><em>ἐν</em></strong></span> <span class='ocrx_word' id='word_1_185' title='bbox 629 2329 827 2414; x_wconf 77' lang='grc' dir='ltr'><strong><em>Προικονήσμ</em></strong></span> <span class='ocrx_word' id='word_1_186' title='bbox 854 2328 904 2390; x_wconf 85' lang='grc' dir='ltr'><strong><em>καλ</em></strong></span> <span class='ocrx_word' id='word_1_187' title='bbox 931 2334 994 2402; x_wconf 87' lang='grc' dir='ltr'><strong><em>ταῖς</em></strong></span> <span class='ocrx_word' id='word_1_188' title='bbox 1017 2327 1117 2406; x_wconf 72' lang='grc' dir='ltr'><strong><em>Ιι’ίλλαις</em></strong></span> 
     </span>
    </p>
   </div>
   <div class='ocr_carea' id='block_1_3' title="bbox 99 2492 1115 2634">
    <p class='ocr_par' dir='ltr' id='par_1_3' title="bbox 99 2492 1115 2634">
     <span class='ocr_line' id='line_1_23' title="bbox 171 2492 1115 2562; baseline -0.001 -17"><span class='ocrx_word' id='word_1_189' title='bbox 171 2497 260 2546; x_wconf 81' lang='lat'>8-15</span> <span class='ocrx_word' id='word_1_190' title='bbox 273 2495 308 2559; x_wconf 79' lang='lat' dir='ltr'><strong><em>cf.</em></strong></span> <span class='ocrx_word' id='word_1_191' title='bbox 319 2492 444 2562; x_wconf 85' lang='lat' dir='ltr'><strong>Theoph.</strong></span> <span class='ocrx_word' id='word_1_192' title='bbox 456 2510 486 2562; x_wconf 78' lang='grc' dir='ltr'><strong><em>μ.</em></strong></span> <span class='ocrx_word' id='word_1_193' title='bbox 497 2498 558 2561; x_wconf 83' lang='grc'>393,</span> <span class='ocrx_word' id='word_1_194' title='bbox 568 2498 592 2547; x_wconf 89' lang='lat'><strong><em>8.</em></strong></span> <span class='ocrx_word' id='word_1_195' title='bbox 608 2523 642 2532; x_wconf 94' lang='lat'><em>—</em></span> <span class='ocrx_word' id='word_1_196' title='bbox 658 2498 764 2546; x_wconf 83' lang='lat'>16—19</span> <span class='ocrx_word' id='word_1_197' title='bbox 778 2495 812 2561; x_wconf 72' lang='grc' dir='ltr'><strong><em>ιβ.</em></strong></span> <span class='ocrx_word' id='word_1_198' title='bbox 822 2492 947 2562; x_wconf 81' lang='lat' dir='ltr'>Theoph.</span> <span class='ocrx_word' id='word_1_199' title='bbox 958 2509 988 2560; x_wconf 77' lang='grc' dir='ltr'><strong><em>μ.</em></strong></span> <span class='ocrx_word' id='word_1_200' title='bbox 1002 2496 1062 2559; x_wconf 76' lang='grc'>397,</span> <span class='ocrx_word' id='word_1_201' title='bbox 1073 2497 1115 2545; x_wconf 77' lang='lat'><strong><em>23.</em></strong></span> 
     </span>
     <span class='ocr_line' id='line_1_24' title="bbox 99 2564 722 2634; baseline 0.002 -19"><span class='ocrx_word' id='word_1_202' title='bbox 99 2596 134 2602; x_wconf 89' lang='lat'>—</span> <span class='ocrx_word' id='word_1_203' title='bbox 158 2568 261 2632; x_wconf 79' lang='grc' dir='ltr'>19-μ.</span> <span class='ocrx_word' id='word_1_204' title='bbox 278 2569 339 2631; x_wconf 79' lang='grc'>746,</span> <span class='ocrx_word' id='word_1_205' title='bbox 354 2570 370 2617; x_wconf 90' lang='grc'><strong>6</strong></span> <span class='ocrx_word' id='word_1_206' title='bbox 389 2565 424 2631; x_wconf 71' lang='grc' dir='ltr'><strong><em>ιβ.</em></strong></span> <span class='ocrx_word' id='word_1_207' title='bbox 439 2564 565 2634; x_wconf 78' lang='lat' dir='ltr'><strong>Theoph.</strong></span> <span class='ocrx_word' id='word_1_208' title='bbox 577 2581 607 2633; x_wconf 81' lang='lat' dir='ltr'><strong><em>p.</em></strong></span> <span class='ocrx_word' id='word_1_209' title='bbox 621 2568 683 2631; x_wconf 89' lang='grc'>399,</span> <span class='ocrx_word' id='word_1_210' title='bbox 698 2569 722 2616; x_wconf 87' lang='grc'><strong><em>6.</em></strong></span> 
     </span>
    </p>
   </div>
   <div class='ocr_carea' id='block_1_4' title="bbox 96 2695 1116 3464">
    <p class='ocr_par' dir='ltr' id='par_1_4' title="bbox 96 2695 1116 3464">
     <span class='ocr_line' id='line_1_25' title="bbox 173 2695 1116 2768; baseline 0 -19"><span class='ocrx_word' id='word_1_211' title='bbox 173 2703 189 2749; x_wconf 78' lang='grc'>2</span> <span class='ocrx_word' id='word_1_212' title='bbox 209 2696 358 2767; x_wconf 84' lang='grc' dir='ltr'><strong><em>σουλεϊμάν</em></strong></span> <span class='ocrx_word' id='word_1_213' title='bbox 377 2696 427 2752; x_wconf 80' lang='lat' dir='ltr'><strong><em>OD</em></strong></span> <span class='ocrx_word' id='word_1_214' title='bbox 451 2697 607 2768; x_wconf 83' lang='grc' dir='ltr'><strong><em>σουλεημάν</em></strong></span> <span class='ocrx_word' id='word_1_215' title='bbox 625 2698 656 2751; x_wconf 98' lang='grc' dir='ltr'>Μ</span> <span class='ocrx_word' id='word_1_216' title='bbox 678 2700 813 2767; x_wconf 86' lang='grc' dir='ltr'><strong><em>σουλιμᾶν</em></strong></span> <span class='ocrx_word' id='word_1_217' title='bbox 831 2697 857 2750; x_wconf 87' lang='lat' dir='ltr'><strong>R</strong></span> <span class='ocrx_word' id='word_1_218' title='bbox 880 2695 1010 2766; x_wconf 82' lang='grc' dir='ltr'><strong><em>ουλείμαν</em></strong></span> <span class='ocrx_word' id='word_1_219' title='bbox 1029 2696 1061 2749; x_wconf 81' lang='lat' dir='ltr'><strong><em>A.</em></strong></span> <span class='ocrx_word' id='word_1_220' title='bbox 1082 2729 1116 2737; x_wconf 96' lang='lat'><em>-</em></span> 
     </span>
     <span class='ocr_line' id='line_1_26' title="bbox 97 2767 1114 2840; baseline -0.002 -18"><span class='ocrx_word' id='word_1_221' title='bbox 97 2768 366 2839; x_wconf 86' lang='grc' dir='ltr'><strong><em>πρωτοσύμβολονΑ</em></strong></span> <span class='ocrx_word' id='word_1_222' title='bbox 381 2770 609 2840; x_wconf 78' lang='grc' dir='ltr'><strong><em>πρωτοσύχχελον</em></strong></span> <span class='ocrx_word' id='word_1_223' title='bbox 618 2769 649 2822; x_wconf 95' lang='grc' dir='ltr'><strong><em>Β.</em></strong></span> <span class='ocrx_word' id='word_1_224' title='bbox 662 2801 695 2808; x_wconf 91' lang='grc'>-</span> <span class='ocrx_word' id='word_1_225' title='bbox 711 2775 726 2821; x_wconf 89' lang='grc'>3</span> <span class='ocrx_word' id='word_1_226' title='bbox 741 2769 809 2838; x_wconf 82' lang='grc' dir='ltr'><strong><em>μετά</em></strong></span> <span class='ocrx_word' id='word_1_227' title='bbox 823 2769 921 2823; x_wconf 86' lang='grc' dir='ltr'><strong><em>στόλου</em></strong></span> <span class='ocrx_word' id='word_1_228' title='bbox 935 2767 992 2821; x_wconf 91' lang='grc' dir='ltr'><strong><em>ΒΜ</em></strong></span> <span class='ocrx_word' id='word_1_229' title='bbox 1006 2775 1032 2822; x_wconf 81' lang='lat' dir='ltr'><strong><em>et</em></strong></span> <span class='ocrx_word' id='word_1_230' title='bbox 1044 2783 1114 2822; x_wconf 78' lang='lat' dir='ltr'><strong>rece.</strong></span> 
     </span>
     <span class='ocr_line' id='line_1_27' title="bbox 99 2839 1115 2910; baseline -0.002 -17"><span class='ocrx_word' id='word_1_231' title='bbox 99 2839 238 2909; x_wconf 81' lang='lat' dir='ltr'>plerique.</span> <span class='ocrx_word' id='word_1_232' title='bbox 254 2871 287 2879; x_wconf 91' lang='lat'><strong>—</strong></span> <span class='ocrx_word' id='word_1_233' title='bbox 301 2848 335 2910; x_wconf 76' lang='grc' dir='ltr'><strong><em>τῇ</em></strong></span> <span class='ocrx_word' id='word_1_234' title='bbox 348 2839 399 2909; x_wconf 70' lang='grc' dir='ltr'><strong><em>μὲν</em></strong></span> <span class='ocrx_word' id='word_1_235' title='bbox 412 2840 520 2894; x_wconf 86' lang='lat' dir='ltr'>ABDP</span> <span class='ocrx_word' id='word_1_236' title='bbox 538 2839 588 2910; x_wconf 70' lang='grc' dir='ltr'><strong><em>μὲν</em></strong></span> <span class='ocrx_word' id='word_1_237' title='bbox 602 2858 652 2895; x_wconf 87' lang='lat' dir='ltr'><strong><em>om.</em></strong></span> <span class='ocrx_word' id='word_1_238' title='bbox 665 2839 806 2894; x_wconf 77' lang='lat' dir='ltr'><strong>OLMRV.</strong></span> <span class='ocrx_word' id='word_1_239' title='bbox 836 2841 874 2894; x_wconf 88' lang='grc' dir='ltr'><strong><em>Ικ</em></strong></span> <span class='ocrx_word' id='word_1_240' title='bbox 887 2840 910 2892; x_wconf 84' lang='grc' dir='ltr'><strong>Ε</strong></span> <span class='ocrx_word' id='word_1_241' title='bbox 923 2847 956 2909; x_wconf 80' lang='grc' dir='ltr'><strong><em>τή</em></strong></span> <span class='ocrx_word' id='word_1_242' title='bbox 971 2857 1115 2893; x_wconf 87' lang='grc' dir='ltr'><strong><em>πεντεκαι-</em></strong></span> 
     </span>
     <span class='ocr_line' id='line_1_28' title="bbox 98 2909 1115 3034; baseline -0.002 -69"><span class='ocrx_word' id='word_1_243' title='bbox 98 2909 204 3034; x_wconf 69' lang='grc' dir='ltr'><strong><em>δεκάτΙη</em></strong></span> <span class='ocrx_word' id='word_1_244' title='bbox 222 2911 269 2964; x_wconf 79' lang='lat' dir='ltr'><strong><em>sed</em></strong></span> <span class='ocrx_word' id='word_1_245' title='bbox 286 2929 307 2964; x_wconf 94' lang='grc' dir='ltr'><strong><em>π</em></strong></span> <span class='ocrx_word' id='word_1_246' title='bbox 325 2928 360 2965; x_wconf 79' lang='lat' dir='ltr'><strong><em>eoe</em></strong></span> <span class='ocrx_word' id='word_1_247' title='bbox 377 2933 396 2982; x_wconf 87' lang='grc' dir='ltr'><strong><em>μ</em></strong></span> <span class='ocrx_word' id='word_1_248' title='bbox 413 2929 481 2967; x_wconf 76' lang='lat' dir='ltr'><em>corr.</em></span> <span class='ocrx_word' id='word_1_249' title='bbox 502 2944 535 2952; x_wconf 92' lang='lat'>—</span> <span class='ocrx_word' id='word_1_250' title='bbox 559 2918 576 2965; x_wconf 85' lang='lat'>4</span> <span class='ocrx_word' id='word_1_251' title='bbox 594 2911 840 2984; x_wconf 84' lang='grc' dir='ltr'><strong><em>παραχαρακάσας</em></strong></span> <span class='ocrx_word' id='word_1_252' title='bbox 857 2910 892 2964; x_wconf 85' lang='lat' dir='ltr'><strong><em>N.</em></strong></span> <span class='ocrx_word' id='word_1_253' title='bbox 916 2942 950 2950; x_wconf 89' lang='lat'>-</span> <span class='ocrx_word' id='word_1_254' title='bbox 974 2915 990 2963; x_wconf 86' lang='grc'><strong>6</strong></span> <span class='ocrx_word' id='word_1_255' title='bbox 1010 2912 1115 2978; x_wconf 81' lang='grc' dir='ltr'><strong><em>σουλεϊ-</em></strong></span> 
     </span>
     <span class='ocr_line' id='line_1_29' title="bbox 96 2979 1116 3053; baseline -0.002 -17"><span class='ocrx_word' id='word_1_256' title='bbox 96 2982 157 3051; x_wconf 82' lang='grc' dir='ltr'><strong><em>μάν</em></strong></span> <span class='ocrx_word' id='word_1_257' title='bbox 223 2982 378 3052; x_wconf 84' lang='grc' dir='ltr'><strong><em>οουλεημάν</em></strong></span> <span class='ocrx_word' id='word_1_258' title='bbox 397 2983 427 3036; x_wconf 89' lang='grc' dir='ltr'>Μ</span> <span class='ocrx_word' id='word_1_259' title='bbox 450 2979 597 3053; x_wconf 84' lang='grc' dir='ltr'><strong><em>σελουίμαν</em></strong></span> <span class='ocrx_word' id='word_1_260' title='bbox 616 2984 641 3036; x_wconf 89' lang='grc' dir='ltr'><strong>Α</strong></span> <span class='ocrx_word' id='word_1_261' title='bbox 664 2986 799 3052; x_wconf 88' lang='grc' dir='ltr'><strong><em>σουλιμᾶν</em></strong></span> <span class='ocrx_word' id='word_1_262' title='bbox 816 2984 858 3037; x_wconf 81' lang='lat' dir='ltr'><strong><em>vel</em></strong></span> <span class='ocrx_word' id='word_1_263' title='bbox 876 2980 1010 3050; x_wconf 82' lang='grc' dir='ltr'><strong><em>σουλιμὰν</em></strong></span> <span class='ocrx_word' id='word_1_264' title='bbox 1028 2981 1061 3035; x_wconf 84' lang='lat' dir='ltr'><strong><em>R.</em></strong></span> <span class='ocrx_word' id='word_1_265' title='bbox 1080 3013 1116 3021; x_wconf 93' lang='lat'><em>-</em></span> 
     </span>
     <span class='ocr_line' id='line_1_30' title="bbox 100 3052 1116 3124; baseline -0.001 -18"><span class='ocrx_word' id='word_1_266' title='bbox 100 3060 133 3107; x_wconf 75' lang='lat'><strong><em>12</em></strong></span> <span class='ocrx_word' id='word_1_267' title='bbox 158 3052 313 3122; x_wconf 80' lang='grc' dir='ltr'><strong><em>αύτανιλροι</em></strong></span> <span class='ocrx_word' id='word_1_268' title='bbox 336 3055 549 3124; x_wconf 82' lang='grc' dir='ltr'><strong><em>συνωθούμενοι</em></strong></span> <span class='ocrx_word' id='word_1_269' title='bbox 567 3054 644 3109; x_wconf 78' lang='lat' dir='ltr'><strong><em>ELR</em></strong></span> <span class='ocrx_word' id='word_1_270' title='bbox 667 3071 717 3110; x_wconf 80' lang='grc' dir='ltr'><strong><em>ονε.</em></strong></span> <span class='ocrx_word' id='word_1_271' title='bbox 740 3053 768 3108; x_wconf 81' lang='grc' dir='ltr'><strong><em>Ο.</em></strong></span> <span class='ocrx_word' id='word_1_272' title='bbox 793 3086 827 3094; x_wconf 87' lang='grc'><strong>-</strong></span> <span class='ocrx_word' id='word_1_273' title='bbox 853 3059 885 3106; x_wconf 79' lang='grc'><strong><em>15</em></strong></span> <span class='ocrx_word' id='word_1_274' title='bbox 909 3052 1116 3122; x_wconf 77' lang='grc' dir='ltr'><strong><em>θιεξηλύθησαυ</em></strong></span> 
     </span>
     <span class='ocr_line' id='line_1_31' title="bbox 98 3123 1115 3195; baseline 0.001 -18"><span class='ocrx_word' id='word_1_275' title='bbox 98 3128 172 3193; x_wconf 87' lang='grc' dir='ltr'><strong><em>(-αοι</em></strong></span> <span class='ocrx_word' id='word_1_276' title='bbox 190 3125 230 3191; x_wconf 87' lang='grc' dir='ltr'><strong><em>Μ)</em></strong></span> <span class='ocrx_word' id='word_1_277' title='bbox 249 3123 283 3179; x_wconf 80' lang='lat' dir='ltr'><strong><em>N.</em></strong></span> <span class='ocrx_word' id='word_1_278' title='bbox 308 3156 342 3164; x_wconf 94' lang='lat'>—</span> <span class='ocrx_word' id='word_1_279' title='bbox 368 3131 401 3179; x_wconf 84' lang='grc'><strong><em>13</em></strong></span> <span class='ocrx_word' id='word_1_280' title='bbox 421 3125 451 3179; x_wconf 75' lang='grc' dir='ltr'><strong><em>ἐν</em></strong></span> <span class='ocrx_word' id='word_1_281' title='bbox 469 3127 567 3188; x_wconf 79' lang='grc' dir='ltr'><strong><em>αύτοῑς</em></strong></span> <span class='ocrx_word' id='word_1_282' title='bbox 584 3125 618 3179; x_wconf 88' lang='lat' dir='ltr'><strong><em>N.</em></strong></span> <span class='ocrx_word' id='word_1_283' title='bbox 642 3158 678 3166; x_wconf 89' lang='lat'>-</span> <span class='ocrx_word' id='word_1_284' title='bbox 703 3131 735 3179; x_wconf 88' lang='grc'><strong><em>18</em></strong></span> <span class='ocrx_word' id='word_1_285' title='bbox 755 3125 823 3195; x_wconf 81' lang='grc' dir='ltr'><strong><em>μετὰ</em></strong></span> <span class='ocrx_word' id='word_1_286' title='bbox 841 3123 1004 3195; x_wconf 81' lang='grc' dir='ltr'><strong><em>βουλγάρτον</em></strong></span> <span class='ocrx_word' id='word_1_287' title='bbox 1027 3123 1059 3179; x_wconf 76' lang='grc' dir='ltr'><strong><em>ἐν</em></strong></span> <span class='ocrx_word' id='word_1_288' title='bbox 1081 3132 1115 3194; x_wconf 82' lang='grc' dir='ltr'><strong><em>τῇ</em></strong></span> 
     </span>
     <span class='ocr_line' id='line_1_32' title="bbox 97 3194 1114 3278; baseline 0.001 -30"><span class='ocrx_word' id='word_1_289' title='bbox 97 3195 196 3267; x_wconf 83' lang='grc' dir='ltr'><strong><em>θράκη</em></strong></span> <span class='ocrx_word' id='word_1_290' title='bbox 211 3195 269 3249; x_wconf 90' lang='lat' dir='ltr'><strong><em>RV.</em></strong></span> <span class='ocrx_word' id='word_1_291' title='bbox 285 3228 320 3235; x_wconf 92' lang='lat'>—</span> <span class='ocrx_word' id='word_1_292' title='bbox 340 3201 372 3249; x_wconf 95' lang='grc'><strong><em>19</em></strong></span> <span class='ocrx_word' id='word_1_293' title='bbox 391 3203 442 3265; x_wconf 79' lang='grc' dir='ltr'><strong><em>τῆς</em></strong></span> <span class='ocrx_word' id='word_1_294' title='bbox 460 3198 491 3252; x_wconf 77' lang='grc' dir='ltr'><strong><em>δὲ</em></strong></span> <span class='ocrx_word' id='word_1_295' title='bbox 509 3196 762 3266; x_wconf 79' lang='grc' dir='ltr'><strong><em>πεντεκαιδεκάτης</em></strong></span> <span class='ocrx_word' id='word_1_296' title='bbox 775 3196 809 3249; x_wconf 88' lang='lat' dir='ltr'><strong><em>N.</em></strong></span> <span class='ocrx_word' id='word_1_297' title='bbox 830 3228 863 3237; x_wconf 97' lang='lat'>—</span> <span class='ocrx_word' id='word_1_298' title='bbox 883 3202 916 3249; x_wconf 77' lang='lat'><strong><em>21</em></strong></span> <span class='ocrx_word' id='word_1_299' title='bbox 935 3194 1114 3278; x_wconf 76' lang='grc' dir='ltr'><strong><em>προικονήσρε</em></strong></span> 
     </span>
     <span class='ocr_line' id='line_1_33' title="bbox 97 3263 1115 3341; baseline 0 -21"><span class='ocrx_word' id='word_1_300' title='bbox 97 3263 175 3339; x_wconf 82' lang='grc' dir='ltr'><strong><em>(-ίσῳ</em></strong></span> <span class='ocrx_word' id='word_1_301' title='bbox 189 3266 221 3338; x_wconf 82' lang='lat' dir='ltr'><strong><em>O)</em></strong></span> <span class='ocrx_word' id='word_1_302' title='bbox 240 3266 316 3321; x_wconf 84' lang='lat' dir='ltr'><strong><em>BOV</em></strong></span> <span class='ocrx_word' id='word_1_303' title='bbox 339 3267 521 3341; x_wconf 82' lang='grc' dir='ltr'><strong><em>προικωνήσῳ</em></strong></span> <span class='ocrx_word' id='word_1_304' title='bbox 540 3284 611 3323; x_wconf 76' lang='lat' dir='ltr'><strong>roco.</strong></span> <span class='ocrx_word' id='word_1_305' title='bbox 626 3269 742 3338; x_wconf 69' lang='lat' dir='ltr'><strong>quidam</strong></span> <span class='ocrx_word' id='word_1_306' title='bbox 765 3265 959 3340; x_wconf 85' lang='grc' dir='ltr'><strong><em>προικοννήσῳ</em></strong></span> <span class='ocrx_word' id='word_1_307' title='bbox 977 3266 1115 3322; x_wconf 61' lang='grc'>16099111</span> 
     </span>
     <span class='ocr_line' id='line_1_34' title="bbox 97 3337 1114 3464; baseline 0.001 -73"><span class='ocrx_word' id='word_1_308' title='bbox 97 3337 266 3464; x_wconf 70' lang='grc' dir='ltr'><strong><em>πρυμονήσχι</em></strong></span> <span class='ocrx_word' id='word_1_309' title='bbox 284 3338 306 3391; x_wconf 95' lang='grc' dir='ltr'>Ρ</span> <span class='ocrx_word' id='word_1_310' title='bbox 331 3339 497 3412; x_wconf 83' lang='grc' dir='ltr'><strong><em>πρηκονήοῳ</em></strong></span> <span class='ocrx_word' id='word_1_311' title='bbox 515 3340 545 3393; x_wconf 90' lang='grc' dir='ltr'>Μ</span> <span class='ocrx_word' id='word_1_312' title='bbox 568 3338 733 3411; x_wconf 82' lang='grc' dir='ltr'><strong><em>προκονήσῳ</em></strong></span> <span class='ocrx_word' id='word_1_313' title='bbox 756 3338 779 3390; x_wconf 83' lang='grc' dir='ltr'>Ε</span> <span class='ocrx_word' id='word_1_314' title='bbox 807 3337 979 3412; x_wconf 79' lang='grc' dir='ltr'><strong><em>προκονήοφ</em></strong></span> <span class='ocrx_word' id='word_1_315' title='bbox 997 3337 1022 3390; x_wconf 92' lang='lat' dir='ltr'><strong>D</strong></span> <span class='ocrx_word' id='word_1_316' title='bbox 1044 3356 1114 3406; x_wconf 86' lang='grc' dir='ltr'><strong><em>προ-</em></strong></span> 
     </span>
     <span class='ocr_line' id='line_1_35' title="bbox 98 3427 270 3464; baseline 0.017 -3"><span class='ocrx_word' id='word_1_317' title='bbox 98 3427 218 3463; x_wconf 87' lang='grc' dir='ltr'><strong><em>κονισοω</em></strong></span> <span class='ocrx_word' id='word_1_318' title='bbox 264 3453 270 3464; x_wconf 88' lang='grc'><strong>.</strong></span> 
     </span>
    </p>
   </div>
   <div class='ocr_carea' id='block_1_5' title="bbox 100 3515 1113 3691">
    <p class='ocr_par' dir='ltr' id='par_1_5' title="bbox 100 3515 1113 3691">
     <span class='ocr_line' id='line_1_36' title="bbox 175 3515 1113 3605; baseline -0.002 -19"><span class='ocrx_word' id='word_1_319' title='bbox 175 3539 189 3586; x_wconf 82' lang='lat'><strong><em>&#39;1</em></strong></span> <span class='ocrx_word' id='word_1_320' title='bbox 209 3534 344 3604; x_wconf 83' lang='grc' dir='ltr'><strong><em>τειχήρεις</em></strong></span> <span class='ocrx_word' id='word_1_321' title='bbox 362 3533 486 3601; x_wconf 85' lang='grc' dir='ltr'><strong><em>κατήυας</em></strong></span> <span class='ocrx_word' id='word_1_322' title='bbox 502 3536 551 3589; x_wconf 85' lang='grc' dir='ltr'><strong><em>καί</em></strong></span> <span class='ocrx_word' id='word_1_323' title='bbox 564 3533 587 3588; x_wconf 86' lang='grc' dir='ltr'>Ρ</span> <span class='ocrx_word' id='word_1_324' title='bbox 605 3533 739 3603; x_wconf 85' lang='grc' dir='ltr'><strong><em>(κατήνας</em></strong></span> <span class='ocrx_word' id='word_1_325' title='bbox 754 3550 804 3589; x_wconf 86' lang='lat' dir='ltr'><strong><em>om.</em></strong></span> <span class='ocrx_word' id='word_1_326' title='bbox 820 3515 956 3605; x_wconf 77' lang='grc' dir='ltr'><strong><em>τειχήρεις</em></strong></span> <span class='ocrx_word' id='word_1_327' title='bbox 968 3532 1113 3602; x_wconf 50' lang='lat' dir='ltr'><strong>Theoph.),.</strong></span> 
     </span>
     <span class='ocr_line' id='line_1_37' title="bbox 100 3602 862 3691; baseline 0.001 -34"><span class='ocrx_word' id='word_1_328' title='bbox 100 3635 133 3644; x_wconf 94' lang='grc'><strong>-</strong></span> <span class='ocrx_word' id='word_1_329' title='bbox 155 3609 188 3657; x_wconf 89' lang='grc'><strong><em>19</em></strong></span> <span class='ocrx_word' id='word_1_330' title='bbox 207 3602 351 3668; x_wconf 83' lang='grc' dir='ltr'><strong><em>πλείστους</em></strong></span> <span class='ocrx_word' id='word_1_331' title='bbox 368 3606 398 3660; x_wconf 94' lang='lat' dir='ltr'><strong><em>P.</em></strong></span> <span class='ocrx_word' id='word_1_332' title='bbox 418 3639 453 3646; x_wconf 92' lang='lat'><em>-</em></span> <span class='ocrx_word' id='word_1_333' title='bbox 473 3612 507 3659; x_wconf 87' lang='lat'><strong><em>13</em></strong></span> <span class='ocrx_word' id='word_1_334' title='bbox 526 3605 633 3675; x_wconf 86' lang='grc' dir='ltr'><strong><em>πλάτης</em></strong></span> <span class='ocrx_word' id='word_1_335' title='bbox 649 3605 680 3659; x_wconf 85' lang='grc' dir='ltr'><strong><em>Ρ.</em></strong></span> <span class='ocrx_word' id='word_1_336' title='bbox 754 3682 756 3688; x_wconf 32' lang='grc' dir='ltr'>Ι</span> <span class='ocrx_word' id='word_1_337' title='bbox 859 3683 862 3691; x_wconf 21' lang='grc' dir='ltr'><strong>Δ</strong></span> 
     </span>
    </p>
   </div>
   <div class='ocr_carea' id='block_1_6' title="bbox 0 0 1314 3909">
    <p class='ocr_par' dir='ltr' id='par_1_6' title="bbox 0 0 1314 3909">
     <span class='ocr_line' id='line_1_38' title="bbox 0 0 1314 3909; baseline 0 2"><span class='ocrx_word' id='word_1_338' title='bbox 0 0 1314 3909; x_wconf 95' lang='lat' dir='ltr'><strong><em> </em></strong></span> 
     </span>
    </p>
   </div>
  </div>
 </body>
</html>
