2617 3909
543 251 733 302 xpomon
1084 250 1149 313 565

130 416 234 461 στασιν
261 406 313 477 τῆς
336 402 501 477 καθολικής
527 396 683 475 ἐκκλησίας
710 395 927 479 ἀνατρέπεσθαι
954 396 1151 479 ἀπηγόρευεν,

131 495 183 558 καί
211 497 289 557 οῦτω
311 495 481 573 πλησιάζειν
508 500 571 567 ταῖς
590 490 725 569 Ἰταλίαις
749 494 865 578 ήρξατο.
910 505 997 557 τοῦτο
1025 494 1058 557 δέ
1077 492 1153 557 Ἰου-

130 595 216 655 στίνα
240 598 396 672 μαθοῦσα,
424 602 477 653 τοῦ
502 615 531 653 τε
554 594 697 673 πολεμίου
718 594 781 671 άμα
807 591 857 653 καὶ
879 603 933 673 τῆς
955 594 1152 672 συνειδήσεως

131 702 186 771 τῆς
208 690 335 771 ἀσεβοῦς
357 688 548 769 ἐπικειμένων
576 690 667 776 αὐτῇ,
696 691 738 764 είς
762 691 865 771 φυγήν
887 698 1027 772 τραπεῖσα
1049 692 1150 772 πρώτη

130 790 188 869 τήν
211 788 328 869 ἕξορίαν
356 787 553 869 ἐκληρώσατο,
581 786 621 867 ήν
642 795 706 863 τοῖς
728 790 855 869 ἱερεῦσιν
884 786 1050 869 ήτοίμασεν.
1091 812 1152 850 τοι·
1179 808 1193 849 σ

131 896 246 969 γαροῦν
279 884 349 964 μετὰ
380 894 433 964 τῆς
464 884 609 964 ἀθεμίτου
642 887 753 966 μητρὸς
784 885 940 967 πεφευγὼς
971 886 987 949 ό
1016 887 1153 968 βασιλεὺς

134 983 383 1056 Οόαλεντινιανὸς
409 992 462 1063 τῆς
482 977 604 1056 Ἰταλίας
631 983 778 1064 ἐστερήθη
805 982 855 1043 καὶ
882 994 935 1063 τῆς
958 986 1068 1059 οἰκείας
1092 984 1152 1059 ἐξε-

131 1079 235 1163 βλήθη
259 1081 416 1161 βασιλείας.
457 1078 555 1142 ἐλθὼν
579 1073 635 1142 οῦν
658 1081 691 1142 ἐν
713 1090 749 1165 τῇ
774 1079 901 1166 ἀνατολῇ
926 1083 1020 1156 οῦτως
1043 1082 1151 1163 ἐδέχθη

131 1178 214 1259 παρὰ
236 1187 289 1239 τοῦ
312 1177 453 1258 εὐσεβοῦς
475 1176 618 1259 βασιλέως
643 1179 820 1258 Θεοδοσίου,
844 1178 916 1240 ὥστε
939 1180 1038 1241 δοκεῖν
1061 1180 1153 1243 αὐτὸν

133 1280 246 1356 μᾶλλον
268 1285 328 1337 τῶν
351 1285 448 1356 μερῶν
470 1275 593 1337 ἐκείνων
614 1276 781 1355 βασιλεύειν
810 1274 831 1356 ή
854 1275 886 1337 ἐν
908 1276 1007 1361 ἐξορίρι
1029 1278 1150 1359 διάγειν.
1166 1297 1193 1337 ιο

131 1382 312 1455 παραχρῆμα
339 1371 372 1434 δὲ
400 1372 449 1434 διὰ
480 1374 643 1435 Θεοδοσίου
669 1372 838 1454 καθαρθεὶς
865 1372 925 1436 ἀπὸ
957 1384 1010 1453 τῆς
1038 1379 1153 1451 φαυλο-

131 1472 222 1550 τάτης
249 1469 386 1551 αἱρέσεως
413 1479 465 1549 τῆς
488 1469 663 1551 ἀκαθάρτου
690 1471 743 1532 τὸν
766 1471 813 1533 ίδν
839 1469 987 1552 ἐξέχυσεν,
1015 1470 1048 1532 ἐν
1075 1460 1152 1555 ᾧπερ

133 1568 229 1631 αὐτὸν
250 1565 269 1647 ή
289 1566 415 1647 ἀνόητος
439 1568 549 1648 ἔβλαψε
573 1569 679 1649 μήτηρ,
703 1568 754 1629 καί
773 1569 826 1630 τὸν
844 1569 974 1650 Χριστὸν
996 1567 1151 1641 ἀνεδέξατο

132 1666 293 1749 πιστοτάτη
311 1675 464 1750 προτροπή
483 1667 654 1728 Θεοδοσίου.
691 1668 830 1740 πολλάκις
848 1666 904 1749 γὰρ
923 1668 966 1741 είς
979 1667 1034 1746 τήν
1048 1667 1153 1728 ἐλπίδα

132 1773 189 1845 τῆς
211 1764 335 1837 πίστεως
358 1762 408 1824 διὰ
429 1764 591 1825 Θεοδοσίου
615 1763 822 1839 ἐκπαιδευθελς
844 1765 938 1843 ἔμαθε
960 1764 1016 1844 τήν
1039 1767 1151 1845 βασιλι-
1167 1784 1193 1825 ισ

132 1861 194 1941 κήν
215 1861 377 1942 παράταξιν
400 1860 437 1923 οῦ
456 1855 496 1922 δι’
518 1861 617 1923 ὅπλων
640 1860 769 1940 ἑστάναι,
794 1856 856 1924 ἀλλ’
878 1862 907 1936 ἐξ
931 1861 1057 1943 ἀγαθῶν
1080 1884 1153 1944 προ-

135 1959 266 2036 φάσεων.
312 1968 444 2031 τοιοῦτος
472 1956 504 2019 δέ
531 1949 571 2037 ήν
595 1956 610 2019 ὁ
634 1958 720 2040 λόγος
744 1959 760 2022 δ
783 1959 864 2040 παρὰ
890 1959 1051 2021 Θεοδοσίου
1080 1959 1154 2039 πρὸς

137 2055 388 2119 Οὐαλευτινιανδν
410 2054 576 2138 είρημίνος·
602 2051 685 2136 οἶδα,
710 2058 819 2136 φησίν,
841 2057 996 2134 πολλάκις,
1022 2056 1153 2117 Οῦαλεν-

134 2152 257 2232 τινιανέ,
280 2151 477 2234 ήσυχάζουτος
500 2164 552 2215 τοῦ
576 2153 775 2234 στρατοπέδου
798 2153 878 2234 παρὰ
900 2162 959 2213 τῶν
983 2152 1152 2233 εὐσεβεστά-

134 2275 195 2313 των
213 2249 358 2331 βασιλέων
376 2253 431 2332 τήν
449 2254 538 2331 νίκην
556 2257 814 2331 κατορθωθεῖσαν,
837 2249 888 2311 καλ
906 2250 976 2323 τοῦς
993 2250 1152 2328 πολεμίους
1167 2270 1193 2310 ιο

134 2347 336 2431 ῦποταγέντας
353 2348 503 2421 ὑποτελεῖς
519 2354 699 2431 γεγενῆσθαι
716 2358 769 2409 τοῦ
786 2347 987 2428 προλαβόντος
1000 2348 1154 2409 κινδύνου.

135 2447 215 2508 οῦτω
242 2445 293 2507 καί
316 2445 332 2508 δ
354 2447 460 2520 ἔνθεος
482 2450 709 2519 Κωνσταντῖνος
735 2451 800 2518 ταῖς
822 2446 979 2526 βοηθείαις
1001 2455 1054 2506 τοῦ
1077 2451 1153 2506 θεοῦ

135 2543 328 2624 άνορθωθελς
349 2546 491 2606 Λικίνιον
518 2543 570 2605 τὸν
597 2552 650 2605 τοῦ
677 2550 754 2605 θεοῦ
781 2544 929 2623 τύραννον
959 2543 992 2605 ἐν
1021 2544 1153 2627 ναυαγίῳ

135 2640 318 2721 διέφθειρεν,
342 2642 419 2704 οῦτω
442 2641 493 2704 καὶ
511 2639 527 2703 δ
546 2642 666 2716 ἔνδοξος
687 2640 933 2714 Οὐαλεντινιανὸς
952 2639 968 2703 δ
988 2641 1039 2714 σὸς
1056 2640 1153 2723 πατὴρ

209 2883 288 2945 5-μ.
300 2881 360 2942 566,
372 2881 404 2930 15
419 2876 530 2930 Similia
543 2876 589 2929 sed
603 2876 710 2931 brevius
719 2874 885 2929 Theodorei.
901 2873 973 2927 Hist.
989 2874 1055 2928 eccl.
1067 2874 1100 2941 V,
1112 2880 1153 2928 15.

210 3059 224 3105 1
245 3050 421 3120 ἀπηγόρευεν
437 3052 512 3105 ABL
540 3052 731 3121 ἀπηγόρευσεν
753 3052 814 3106 τελλ.
843 3084 876 3091 -
906 3057 921 3103 2
945 3051 1072 3106 λοοστῑνα
1094 3049 1154 3102 ΒΕ.

137 3156 172 3164 -
193 3128 208 3175 3
227 3122 350 3192 πολέμου
368 3122 453 3177 BLR.
469 3154 501 3165 ·-
521 3130 538 3176 4
556 3124 651 3193 πρώτη
670 3122 722 3191 τὴν
736 3123 807 3177 Mur.
823 3122 925 3192 (prima
943 3122 1019 3191 Ruf.)
1042 3122 1155 3190 πρώτην

136 3194 219 3249 codd.
235 3226 269 3234 -
284 3199 300 3248 8
315 3193 421 3264 ἐδέχθη
435 3193 515 3248 ΑΒΝ
530 3191 702 3265 ἐπεδέχθηῦ
716 3193 860 3264 ὑπεδέχθη
875 3192 935 3247 rell.
951 3224 984 3233 -
1000 3199 1033 3247 12
1050 3191 1156 3263 ἐξέχεεν

137 3265 196 3319 RV.
222 3270 258 3305 -'
280 3271 313 3319 19
332 3264 410 3333 παρὰ
428 3274 484 3319 τῶν
503 3263 706 3388 εὐσεβεστάτων
730 3262 865 3335 βασιλέων
888 3271 952 3318 ante
969 3264 1157 3336 ἡσυχάζοντος

136 3338 265 3391 inseruit
278 3336 342 3390 Exc.
359 3337 394 3389 de
408 3336 471 3389 virt.
485 3342 510 3390 ei
524 3352 556 3389 οο
578 3335 604 3389 d.
615 3341 727 3405 praeter
739 3336 795 3389 AB.
814 3367 848 3375 —
867 3341 899 3389 21
920 3335 1055 3405 γενέσθαι
1069 3334 1155 3389 ABR.

138 3438 173 3448 -
188 3413 222 3461 22
238 3403 319 3470 οῦτος
332 3405 387 3461 AC.
403 3438 438 3448 -
453 3407 502 3461 καλ
516 3423 567 3461 om.
583 3407 663 3461 codd.
675 3414 786 3475 practer
798 3405 847 3459 AB
856 3407 922 3460 Εκο.
938 3438 972 3447 -
989 3413 1023 3459 23
1037 3404 1157 3460 λιιιίνιον

137 3478 264 3532 ΑΕΕΙιΒ
286 3475 423 3533 λικίννιον
446 3476 554 3532 13ch
577 3474 725 3547 (λικίννιον
747 3495 781 3532 ιω
804 3475 922 3531 λικίνιον
945 3494 1014 3532 σωκ.
1035 3480 1067 3531 in
1089 3476 1155 3529 Exn.

136 3551 272 3604 ι’κοοιτκικ
294 3566 350 3619 qua
373 3566 466 3604 κωκυ.
492 3580 525 3589 -
550 3553 584 3601 24
608 3543 690 3610 οὗτος
710 3547 850 3602 ABCLM.
875 3579 909 3587 -
932 3550 981 3602 καλ
1004 3564 1054 3602 om.
1075 3545 1155 3600 codd.

137 3625 246 3689 praeter
267 3620 338 3674 ABV
347 3620 411 3674 Exi.
