2617 3909
170 202 236 267 406
483 203 669 255 ΓΕΩΡΓΙΟΤ
686 202 869 255 ΜΟΝΑΧΟΤ

171 352 226 432 τὴν
258 353 384 434 πατρίδα
416 351 466 413 καί
497 350 548 413 τὸν
580 350 654 413 ναὸν
682 348 814 413 ἀπέδωκε
840 349 892 413 καλ
918 349 951 412 τὸ
979 350 1105 412 παλαιὸν
1132 361 1192 431 τῆς
1297 335 1298 338 ¹

1297 713 1299 738 ι

1297 2859 1299 2894 λ

171 452 353 531 προφητείας
384 450 524 532 χάρισμα,
556 448 607 512 καί
638 449 727 510 πάλιν
759 458 911 529 προφῆται
942 447 993 510 καλ
1019 450 1191 529 πνεύματος

172 547 259 631 άγίου
281 549 372 630 χάρις.
419 552 528 627 μᾶλλον
552 545 584 609 δέ
607 544 678 609 οὐδὲ
696 546 729 609 ἐν
747 550 786 631 τῷ
806 554 898 633 καιρῷ
917 557 969 626 τῆς
987 547 1190 628 αἰχμαλωσίας

172 647 415 729 ἐγκατελείφθης,
443 644 516 706 ἀλλὰ
540 644 590 706 καί
613 644 678 707 ἐκεῖ
694 645 810 725 Δανιὴλ
836 644 886 706 καί
906 641 1053 727 Ἰεζειιιήλ,
1080 644 1130 707 καί
1152 645 1190 707 ἐν

146 745 316 830 ιΑἰγάπτω
332 736 484 826 Ἱερεμίας,
507 741 556 805 καὶ
575 741 674 822 μέντοι
697 740 747 804 καί
764 743 821 824 πρὸ
843 744 956 805 τούτων
974 748 1114 823 Μωϋσης
1136 742 1191 805 καλ

169 837 284 923 Ἀυρών
306 841 339 903 ἐν
366 850 400 927 τῇ
425 841 532 928 ἐρήμη).
578 840 628 902 καὶ
652 837 713 921 μετ’
733 841 831 903 ἐκεῖνα
853 842 943 903 πάλιν
965 840 1013 903 ἐπί
1035 842 1091 922 τὴν
1112 864 1190 922 προ-

73 964 112 1003 οοι
126 962 157 1001 M.
172 939 259 1021 ιε’ραν
291 938 458 1020 ἐπανηλθες
489 940 597 1000 κακίαν
627 938 678 1000 καλ
709 938 924 1020 ἐξεβακχεύθης
952 939 1003 1001 καί
1030 939 1105 1021 πρὸς
1131 941 1190 1020 τὴν

169 1032 345 1119 Ἑλληνικὴν
373 1038 514 1118 μετετάξω
543 1037 694 1099 πολιτείαν
720 1036 769 1098 ἐπί
795 1046 849 1099 τοῦ
876 1036 1002 1118 άσεβοῦς
1026 1033 1189 1118 Ἀντιόχου.

172 1135 245 1197 άλλά
266 1159 299 1218 γε
321 1134 371 1197 καὶ
394 1136 456 1199 τότε
484 1134 705 1219 παραδοθέντες
724 1130 862 1222 Ἀντιόχῳ
884 1135 934 1215 ἐτη
957 1134 988 1217 γ’
1010 1135 1047 1198 τὰ
1068 1136 1190 1218 λαμπρὰ

133 1256 158 1296 ιο
173 1234 223 1296 διὰ
249 1244 308 1297 τῶν
335 1236 546 1315 Μακκαβαίων
573 1225 665 1307 αὖθις
693 1232 830 1312 ἐστήσατε
856 1234 990 1315 τρόπαια.
1034 1232 1107 1295 ἀλλὰ
1129 1244 1190 1296 νῦν

173 1342 307 1395 τοιοῦτον
331 1331 430 1414 οὐδέν,
453 1331 526 1394 ἀλλὰ
548 1332 724 1394 τούναντίον
747 1332 827 1393 άπαν
849 1331 977 1414 γέγονεν.
1022 1329 1113 1394 ’δκοιί
1131 1333 1190 1413 μά-

173 1436 255 1492 λιστα
278 1431 338 1493 ἔστι
361 1431 530 1511 θαυμάσαι,
553 1430 598 1492 ότι
620 1429 656 1490 τδι
679 1427 733 1508 μὲν
755 1440 809 1509 τῆς
830 1432 935 1505 κακίας
957 1430 1073 1511 ἔληξεν,
1096 1430 1132 1491 τά
1155 1429 1189 1492 δὲ

173 1539 225 1610 τῆς
257 1529 396 1609 τιμωρίας
428 1525 589 1589 ἐπιτέταται
620 1526 671 1587 καλ
702 1526 773 1590 οάδέ
801 1528 905 1590 ἐλπίδα
931 1527 998 1590 τινδι
1024 1530 1190 1609 μεταβολῆς

173 1627 238 1707 ἕχει.
284 1626 320 1688 οὐ
350 1624 407 1706 γὰρ
436 1622 465 1686 o'
497 1625 546 1704 ἐτη
579 1625 674 1705 μόνον
704 1631 878 1707 παρῆλθον,
910 1624 983 1688 ἀλλὰ
1013 1625 1064 1687 καὶ
1093 1632 1193 1712 πολλῷ

134 1746 159 1787 15
173 1726 310 1804 πλείονα,
342 1722 392 1785 καί
419 1720 488 1785 οὐδὲ
517 1721 603 1784 σκιὰν
630 1722 749 1797 ἐλπίδος
776 1724 854 1785 ἐστιν
880 1724 992 1806 εὑρεῖν,
1019 1722 1069 1785 καί
1095 1734 1190 1786 ταῦτα

175 1820 245 1884 οὐδὲ
267 1820 557 1903 εἶδωλολατροάντων
579 1819 666 1900 ὑμῶν
688 1818 755 1883 οάτε
773 1819 842 1883 άλλο
862 1845 889 1883 τι
912 1822 1089 1903 ποωάντων,
1113 1823 1190 1905 άπερ

174 1920 343 2001 ἔμπροσθεν
366 1917 507 1998 ἐτολμᾶτε.

232 2012 298 2079 Ἵνα
326 2014 358 2078 δέ
385 2015 563 2097 σαφέστερον
589 2016 639 2078 καί
668 2017 905 2100 διεξοδικώτερον
927 2016 963 2079 τά
985 2017 1189 2100 περὶτούτων

116 2105 119 2111 ’
174 2117 311 2196 εἴπωμεν,
335 2112 454 2176 άνωθεν
477 2114 566 2176 πάλιν
588 2113 755 2197 ἀρξώμεθα.
794 2122 870 2196 τρεῖς
888 2107 945 2177 οὖν
963 2117 1098 2190 δουλείας
1117 2116 1189 2179 όπέ·

134 2235 161 2275 ιο
175 2231 285 2294 στησαν
309 2213 340 2275 οἷ
357 2206 496 2275 Ἰουδαῖοι
523 2213 725 2293 χαλεπωτάτας
749 2212 799 2274 καί
822 2212 965 2293 οὐδεμίαν
987 2214 1074 2296 χωρίς
1096 2237 1189 2297 προρ-

175 2312 296 2396 ρήσεως
317 2310 418 2384 αὐτοῖς
449 2310 595 2392 ἐπήγαγεν
623 2307 642 2389 ἡ
671 2311 741 2371 θεία
772 2312 856 2391 δίκη,
888 2310 960 2372 ιἰλλδι
987 2318 1189 2396 προλεχθῆναι

175 2409 391 2489 παρεσκεύασεν
413 2408 515 2481 αὐτοῖς
541 2407 591 2469 κοιλ
616 2408 709 2470 τόπον
731 2408 782 2469 καί
803 2410 911 2490 χρόνον
933 2409 984 2471 κοιλ
1005 2411 1116 2493 τρόπον
1138 2410 1189 2472 καλ

175 2505 305 2567 κάκωσιν
332 2504 382 2567 καὶ
409 2504 464 2583 τήν
494 2504 641 2567 ἐπάνοδον
669 2506 719 2567 καί
745 2504 834 2567 τάλλα
860 2508 956 2569 πάντα
984 2507 1055 2588 μετδι
1078 2514 1188 2587 πολλῆς

175 2603 332 2688 ἀκριβείας.
377 2602 427 2664 καί
450 2602 516 2684 περὶ
539 2601 592 2683 μὲν
615 2613 668 2682 τῆς
696 2602 728 2665 ἐν
750 2604 893 2691 Αἰγύπτῳ
917 2606 1035 2688 πρώτης
1057 2606 1188 2687 διαλεγό-

136 2724 161 2764 ιε
177 2725 264 2782 μενος
282 2699 298 2762 δ
316 2702 389 2774 θεὸς
407 2702 501 2775 οὕτως
520 2700 578 2779 ἐφη
597 2700 672 2781 πρὸς
689 2701 741 2763 τὸν
754 2696 900 2784 Ἁβραάμ·
918 2705 1072 2785 γινώσκων
1090 2709 1190 2785 γνῶθι

177 2801 220 2862 ότι
242 2800 387 2881 πάροικον
410 2798 488 2860 ἔσται
511 2799 543 2862 τὸ
567 2798 682 2880 σπέρμα
704 2818 760 2861 σου
783 2799 815 2861 ἐν
833 2810 871 2886 γῇ
890 2801 1025 2886 ἀλλοτρία
1048 2801 1099 2863 καί
1117 2802 1188 2864 δου-

248 3020 320 3069 19-
325 3032 352 3084 p.
369 3019 430 3084 407,
445 3020 461 3068 3
476 3013 615 3084 chrysost.
631 3016 694 3070 adv.
708 3002 830 3070 Judaeos
843 3015 902 3085 ομ
917 3017 1013 3086 Migne
1027 3018 1057 3071 Τ.
1073 3023 1116 3085 48,
1127 3024 1188 3073 890.

177 3119 210 3127 -
231 3093 264 3141 τι
284 3086 350 3141 Gen.
367 3093 409 3153 ιε,
425 3092 537 3142 ιο-ιε,

248 3270 264 3317 4
284 3264 342 3318 ἐκεῖ
363 3265 462 3335 δυνιὴλ
481 3262 560 3317 ANP
583 3264 685 3333 δανιὴλ
708 3264 766 3319 ἐκεῖ
785 3264 846 3319 rell.
870 3296 905 3305 —
929 3270 944 3318 5
966 3266 1020 3333 πρὸ
1043 3225 1143 3320 τούτου
1161 3266 1189 3320 N

177 3371 231 3439 πρὸ
245 3370 354 3433 τούτοις
368 3371 393 3424 R
410 3370 464 3440 πρὸ
479 3355 528 3425 τόώ
542 3370 573 3423 Β.
589 3402 622 3411 -
642 3376 675 3424 10
690 3370 821 3438 ἐστήσατο
835 3371 858 3425 Β
878 3372 972 3441 ἔστησε
985 3371 1015 3424 Ρ.
1031 3404 1064 3413 -
1080 3379 1113 3426 13
1129 3373 1189 3427 ἐπι·
1297 3393 1298 3398 ’

177 3441 305 3496 τέτακται
313 3441 434 3500 4ΒΕΘτΜ
452 3440 625 3497 ἐπιτέτακται
638 3442 665 3497 V
683 3440 857 3497 ἐπιτίτταται
870 3442 903 3497 R.
921 3475 954 3482 -
975 3447 1008 3496 16
1028 3442 1105 3514 οάδέ]
1124 3443 1188 3499 οὔτε
1297 3449 1298 3510 ξ

177 3511 315 3567 ADELV.
336 3545 369 3554 —
394 3518 426 3567 19
446 3512 560 3582 είπομεν
580 3511 634 3566 CF.
655 3544 689 3551 -
714 3518 747 3565 20
767 3512 794 3567 οἱ
812 3530 863 3569 ουτ.
882 3512 1024 3568 ABENV.
1045 3546 1077 3553 —
1102 3520 1137 3568 24
1156 3516 1188 3567 α’
1297 3523 1298 3528 ’

178 3601 228 3655 ηιμ.
244 3584 295 3639 AV
313 3591 338 3638 et
355 3586 394 3639 sic
412 3585 543 3652 deinceps.
