2617 3909
542 242 731 294 Χεοεακοα
1078 242 1142 306 457

124 389 277 469 τολμήσας
304 389 378 450 κατά
400 389 455 468 τήν
478 388 586 470 ἀρχήν,
615 391 660 452 ὅτι
683 389 699 452 ὁ
723 389 886 471 μονογενής
908 391 974 463 υίὸς
997 389 1070 471 ὁρᾶν
1092 391 1145 453 τὸν

125 485 240 567 πατέρα
262 487 298 549 οὐ
322 488 447 549 δύναται
470 485 536 548 οὔτε
559 487 591 548 τὸ
614 497 732 567 πνεῦμα
753 488 786 551 τὸ
809 489 895 569 ἀγιον
917 488 970 551 τὸν
987 489 1056 551 υἱὸν
1076 487 1143 550 οὔτε
1159 512 1199 550 ειο
1212 510 1243 550 οε1

125 587 160 647 οί
181 582 298 667 ἀγγελοι
320 585 352 649 τὸ
376 594 493 664 πνεῦμα
516 583 582 646 οὔτε
606 586 637 647 οἱ
657 584 815 667 ἀνθρωποι
833 585 903 658 τοὺς
921 584 1071 667 ἀγγέλους,
1094 585 1144 646 καί

123 684 160 747 ἐκ
188 692 241 764 τῆς
268 682 371 755 οὐσίας
398 692 451 744 τοῦ
478 682 588 763 πατρὸς
615 683 651 745 οὐ
680 682 761 745 θέλει
788 678 865 745 εἶναι
892 684 944 746 τὸν
966 683 1048 763 υίόν,
1071 681 1145 744 ἀλλά

123 783 248 862 κτίσμα,
271 780 321 842 καὶ
343 780 417 843 κατὰ
439 782 524 863 χάριν
546 780 614 843 υίὸν
636 779 789 862 λέγεσθαι,
812 781 867 859 τὴν
890 780 922 843 δέ
945 780 1144 861 ἀνθρωπίνην
1171 803 1183 843 τ

123 880 232 960 ψυχήν
258 879 472 961 προϋπάρχειν,
503 877 552 939 καὶ
580 878 615 939 τά
641 878 710 959 ἑξῆς
736 888 795 939 τῶν
822 881 1020 958 βλασφημιῶν
1042 879 1143 941 αὐτοῦ.

122 976 241 1056 πολλήν
267 987 342 1058 γοῦν
372 978 514 1054 πεποίηκε
542 977 682 1049 σύνταξιν
709 976 752 1050 εἰς
779 976 905 1055 ἑκάστην
931 976 1067 1058 γραφήν,
1094 975 1144 1037 καλ

121 1076 183 1137 ὅσα
206 1072 259 1154 μέν
282 1074 315 1136 ἐν
337 1076 543 1155 προσομιλίαις
565 1073 615 1134 καλ
639 1072 690 1134 διὰ
711 1075 877 1156 προοιμίων
900 1074 942 1146 είς
962 1072 1028 1154 ήθη
1046 1097 1075 1135 τε
1093 1073 1144 1134 καὶ

120 1174 170 1246 εἰς
201 1172 306 1251 φύσεις
338 1172 422 1247 ζώων
448 1196 477 1233 τε
506 1170 556 1232 καὶ
584 1170 700 1253 ἀλόγων
727 1173 840 1252 εἴρηται
867 1170 954 1251 μέσος
981 1172 1143 1251 φερόμενος

121 1270 267 1343 πολλάκις
289 1272 424 1350 χαρίεντα
448 1270 625 1351 διηγήματα,
650 1269 705 1330 ὅσα
728 1267 760 1330 δέ
783 1268 849 1348 περὶ
872 1270 996 1341 πίστεως
1018 1269 1143 1349 ἕδογμά-
1157 1294 1183 1332 ιο

122 1386 221 1447 τισεν,
251 1378 309 1429 τῶν
337 1368 458 1430 πάντων
485 1367 669 1447 ἀτοπώτερος
690 1366 861 1447 εὑρίσκεται.
907 1366 989 1441 ἔδοξε
1012 1364 1045 1427 δὲ
1067 1366 1146 1450 αὐτῷ

120 1465 176 1527 καὶ
199 1464 358 1544 ἀσκητικὸν
382 1467 450 1545 βίον
473 1465 683 1550 έπανηρῆσθαι
705 1474 850 1545 τοιοῦτον,
875 1462 914 1537 ὡς
936 1463 986 1525 καλ
1008 1465 1060 1527 τὸν
1078 1465 1142 1525 θώ-

123 1587 202 1646 ρακα
229 1563 322 1625 αὐτοῦ
351 1581 425 1642 φασι
453 1558 491 1624 δι’
513 1562 683 1643 ὑπερβολὴν
705 1562 820 1635 ἀσιτίας
841 1586 870 1624 τε
900 1561 950 1623 καί
972 1569 1142 1644 σκληραγω-

121 1664 192 1745 γίας
215 1661 435 1743 ἀνατραπῆναι,
461 1660 684 1740 ἐπινενοηκέναι
707 1659 738 1722 δέ
761 1660 811 1721 καλ
833 1659 907 1721 κατὰ
929 1661 961 1723 τὸ
984 1661 1142 1742 σωμάτιον,

124 1762 158 1822 οί
180 1757 233 1838 μέν
257 1760 300 1821 ὅτι
323 1769 432 1841 νεῦρον
455 1758 686 1838 ἀποτετμημέναι
708 1758 759 1820 διὰ
781 1759 814 1820 τὸ
837 1758 878 1838 μή
898 1768 932 1843 τῆ
951 1756 1047 1844 ήδονῆ
1066 1782 1142 1840 παρ·
1156 1782 1181 1822 ω

122 1862 324 1938 ενοχλεῖσθαι,
352 1859 385 1919 οί
408 1856 440 1919 δὲ
469 1858 627 1938 φάρμακον
654 1857 804 1919 ἐπιθεῖναι
831 1862 893 1929 τοῖς
920 1859 1034 1938 μορίοις
1056 1851 1143 1918 εἶπον

123 1954 177 2016 καλ
198 1953 401 2036 ἀποξηρᾶναι,
426 1954 508 2017 ἀλλοι
531 1953 563 2016 δὲ
586 1953 660 2016 ἀλλα
681 1955 723 2028 εἰς
746 1955 837 2016 αὐτὸν
860 1953 1078 2035 ἀναφέρουσιν,
1102 1952 1142 2026 ὡς

123 2053 172 2115 ὅτι
194 2050 245 2113 καί
267 2054 398 2133 βοτάνην
421 2054 557 2133 ἰατρικήν
579 2046 644 2135 εὗρε
669 2053 788 2131 μνήμης
811 2050 904 2113 ἕνεκα.
942 2045 1029 2125 οὗτος
1049 2051 1142 2113 πολλά

123 2149 237 2233 λέγεται
267 2149 453 2212 πεπονθέναι
484 2149 557 2232 ὑπὲρ
588 2158 641 2212 τοῦ
669 2154 800 2230 Χριστοῦ
827 2150 925 2230 λόγιος
952 2146 995 2209 ὢν
1024 2147 1142 2229 σφόδρα

121 2248 176 2309 καλ
198 2248 232 2310 ἐν
253 2258 288 2333 τῆ
312 2247 450 2333 ἐκκλησία
471 2246 740 2329 ἀνατεθραμμένος.
787 2247 896 2330 φθόνῳ
916 2244 948 2307 δέ
966 2245 1141 2325 διαβληθεὶς
1155 2271 1181 2310 ιο

121 2346 201 2426 πρὸς
222 2345 291 2419 τοὺς
313 2355 367 2426 τῆς
393 2345 527 2419 ἐξουσίας
554 2344 712 2426 ἀρχοντας,
739 2345 945 2428 κακομηχανίμ
967 2345 1139 2424 διαβολικῆς

122 2442 258 2516 ἐπινοίας
288 2444 331 2517 είς
362 2442 551 2525 αίσχρότατον
582 2441 679 2523 ἀνδρα
711 2441 803 2521 φασὶν
832 2440 1033 2522 ἐπινοηθῆναι
1061 2441 1141 2524 παρὰ

198 2620 285 2669 7-14
299 2614 474 2685 Epiphanius
488 2614 570 2667 Haer.
585 2613 619 2682 Π,
634 2618 677 2681 ει,
692 2619 716 2667 ε.
733 2646 766 2653 -
787 2619 891 2667 14-18
908 2615 943 2668 ω.
958 2614 992 2682 Π,
1007 2620 1049 2680 ει,
1065 2620 1089 2668 3.
1105 2646 1138 2655 -
1169 2681 1171 2684 ¹

123 2692 232 2741 18-20
250 2686 285 2739 ιο.
301 2686 334 2755 Π,
350 2693 392 2754 64,
408 2692 431 2740 1.
452 2718 485 2726 -
505 2690 611 2754 20—1).
626 2690 688 2753 ωε,
704 2690 736 2739 ιε
755 2686 791 2740 ιο.
805 2684 840 2752 [L
855 2690 897 2752 ει,
912 2691 936 2738 2.

196 2834 214 2880 4
227 2826 359 2882 ἀλλά-ὅ
375 2826 506 2897 λέγεσθαι
520 2844 570 2882 σοι.
585 2827 622 2881 Μ.
638 2860 672 2867 -
687 2833 703 2881 5
717 2826 850 2898 λέγεσθαι
863 2825 927 2883 υἱόν
941 2828 1003 2880 DR.
1019 2860 1053 2867 -
1068 2834 1083 2881 9
1099 2828 1140 2891 είς

122 2900 225 2969 φύσεις
242 2898 504 2967 ABPExc.Epiph.
528 2898 568 2961 εἰς
590 2915 640 2953 om.
660 2898 720 2954 rell.
744 2931 780 2939 -
803 2900 852 2953 καλ
869 2915 920 2953 om.
939 2898 974 2952 N.
993 2932 1029 2939 —
1052 2898 1139 2967 μέσως

123 2970 232 3025 BNPV
241 2970 307 3025 Exc.
329 2968 412 3038 μέσης
425 2970 457 3023 R.
473 3002 506 3011 -
528 2975 561 3023 10
576 2970 677 3061 γάριεν
690 2969 725 3023 τά
739 2969 896 3039 διηγήματα
910 2970 933 3022 Β
951 2967 1085 3040 χαρίεντα
1101 2971 1137 3024 τά

121 3041 282 3112 διηγήματα
301 3040 406 3095 OERV
442 3062 485 3108 αρ.
500 3042 658 3110 ὃιηγηματα
675 3048 764 3095 ταῦτα
782 3042 811 3094 Ρ.
832 3073 865 3081 -
885 3041 1061 3164 έδρημάτιζεν
1078 3041 1137 3095 RV.

123 3146 158 3153 —
184 3119 217 3166 12
236 3113 285 3167 καλ
303 3062 454 3180 ἀσκητικάν
473 3112 547 3165 ΑΒΡ
557 3112 734 3181 Exc.Epiph.
759 3112 807 3165 καλ
825 3129 876 3166 σοι.
895 3128 924 3165 re
949 3155 954 3165 .
976 3144 1011 3152 —
1035 3113 1138 3182 ἐπανη-

121 3187 238 3253 ρεῖσθαι
252 3183 393 3238 BCNPR.
408 3215 444 3224 —
464 3190 497 3238 13
516 3184 603 3237 αὐτοῦ
618 3200 668 3238 σοι.
683 3183 739 3236 AB.
755 3214 790 3222 —-
809 3189 842 3236 16
862 3183 999 3251 ἐπνθῆναι
1012 3183 1062 3236 LN
1080 3184 1138 3239 ἐπι-

121 3260 244 3325 τεθῆναι
257 3255 305 3308 AF
320 3262 345 3309 et
357 3270 426 3309 rece.
438 3254 555 3325 quidam
569 3255 743 3309 ἐπιτεθεῑναι
756 3254 779 3307 Β
793 3261 819 3309 et
832 3269 902 3308 rece.
913 3253 971 3308 alii.
987 3286 1020 3294 -
1037 3260 1069 3308 19
1087 3264 1138 3309 τοῦ

120 3344 174 3383 σοι,
189 3327 245 3380 AF.
265 3358 299 3366 -
319 3332 352 3379 22
372 3327 411 3388 εἰς
430 3344 479 3382 om.
495 3326 549 3381 AF.

197 3482 229 3531 15
248 3478 362 3548 νεῦρον]
381 3470 464 3543 εὗρον
478 3476 507 3531 P.
523 3509 558 3517 -
577 3477 613 3545 μή
631 3498 658 3531 τι
676 3476 766 3548 ἡδονῇ
780 3476 809 3530 Ρ.
826 3509 859 3517 —-
879 3481 912 3529 18
931 3475 1039 3545 μνήμης
1056 3474 1138 3529 ἕνεκα

123 3549 173 3603 καλ
192 3546 304 3620 βίβλους
322 3546 523 3675 έξακισέιλίους
540 3548 689 3636 συνέταξεν
706 3548 737 3603 P.
769 3550 840 3603 Τυυι
857 3565 907 3602 om.
926 3548 983 3602 rell.
998 3562 1082 3615 νεηιιτ
1100 3547 1138 3597 ad

121 3625 226 3689 p.458‚
243 3625 276 3673 16
295 3624 410 3690 συγκλαι
428 3640 500 3674 ντων
519 3620 602 3693 αάτῳ.
