2617 3909
194 254 260 318 412
507 257 695 308 Γυιεευιου
712 257 897 309 Μουεκου

195 422 281 467 σουσι
298 407 405 480 πάντες
423 404 547 486 ἀσεβεῖς,
568 404 618 465 καλ
637 405 669 465 ολ
686 404 831 484 νοήμονες
849 404 1040 482 συνήσουσιν.
1077 398 1140 465 εἶτα
1158 403 1214 465 τὸν

194 502 298 586 καιρὸν
329 501 494 587 προλέγων,
527 502 598 565 ὅσον
630 500 724 582 μέλλει
755 500 885 584 κατέχειν
916 502 1025 576 αὐτοὺς
1052 501 1088 563 τδι
1114 503 1213 583 δεινά,

195 604 301 681 φησίν·
325 600 384 663 ἀπὸ
406 608 512 682 καιροῦ
535 601 741 683 παραλλάξεοος
761 600 971 681 ένδελεχισμοῦ.
1009 599 1214 681 ἐνδελεχισμδς

195 700 226 763 δὲ
258 699 386 761 ἐκαλεῖτο
418 696 437 779 ή
469 698 658 780 καθήμερινή
691 700 796 761 θυσία.
848 700 880 761 τὸ
912 698 968 780 χδιρ
1000 697 1144 779 ἐνδελεχές
1176 700 1212 761 τὸ

168 798 310 860 επυκνὸν
332 796 382 857 καὶ
405 796 523 878 συνεχές
546 796 631 858 ἐστιν.
678 802 741 869 τοῖς
762 795 818 878 χδιρ
834 792 991 870 Ἰουδαίοις
1010 796 1083 869 ἔθος
1101 789 1140 876 ήν
1158 796 1212 857 καί

95 908 135 948 ³⁰9
148 906 179 947 M,
194 896 226 959 έν
253 895 334 978 πρωῒ
357 894 407 956 καὶ
434 894 467 957 ἐν
494 893 600 979 ἑσπέρᾳ
627 893 678 955 καί
704 888 777 954 καθ’
802 893 928 974 ἐκυλστην
955 892 1069 975 ήμέραν
1091 902 1130 979 τῷ
1151 900 1216 979 θεῷ

194 994 297 1074 θύειν,
324 992 373 1055 καὶ
401 992 451 1054 διὰ
477 1001 563 1055 τοῦτο
587 989 607 1071 ή
630 993 726 1053 θυσία
747 992 845 1072 ἐκείνη
869 990 1067 1073 ένδελεχισμὸς
1089 990 1212 1074 ἐλέγετο.

194 1090 255 1153 έπελ
283 1083 339 1153 οὑν
371 1089 469 1153 ἐλθὼν
497 1088 513 1151 6
538 1086 686 1171 Ἀντίοχος
716 1088 853 1151 κατέλυσε
881 1089 914 1151 τὸ
942 1090 1014 1163 ἔθος
1044 1100 1130 1152 τοῦτο
1158 1090 1214 1151 καὶ

194 1187 331 1270 ήλλαξευ,
361 1188 410 1250 διὰ
437 1188 522 1251 τοῦτό
551 1206 645 1268 φησιν
669 1187 685 1251 6
708 1186 844 1270 ίίχχελος,
874 1188 919 1250 ὅτι
945 1186 1004 1249 ἀπὸ
1027 1198 1134 1271 καιροῦ
1156 1198 1214 1269 τής

154 1308 180 1347 ιο
193 1285 338 1361 ἀλλάξεως
360 1298 412 1349 τοῦ
436 1286 648 1368 ένδελεχισμοῶ,
671 1280 749 1347 τοῦτ’
771 1286 849 1347 ἔστιν
872 1284 931 1347 ἀπὸ
949 1296 1002 1366 τῆς
1024 1287 1215 1359 καταλύσεως

193 1396 246 1465 τῆς
269 1386 388 1467 θυσίας,
411 1384 467 1447 είσλ
490 1384 522 1447 δέ
545 1382 651 1466 ἡμέραι
673 1382 766 1464 ,ασΐεζ
789 1383 860 1466 ὅπερ
883 1382 961 1445 ἐστὶν
983 1384 1033 1463 ἐτη
1055 1382 1088 1465 χ’
1106 1384 1212 1463 ήμισυ.

193 1478 254 1545 εἶτα
286 1485 399 1562 δηλῶν,
432 1483 476 1545 ὅτι
507 1481 557 1543 καλ
589 1483 673 1555 λύσις
699 1491 758 1543 τῶν
785 1492 886 1543 κακῶν
912 1483 1025 1544 τούτων
1052 1483 1131 1544 ἔσται
1158 1482 1213 1543 καὶ

193 1580 357 1661 ἀπαλλαγή,
380 1580 538 1662 ἐπήγαγεν·
563 1580 706 1660 μακάριος
729 1579 745 1643 6
768 1578 931 1658 ὑπομείνας
950 1578 1001 1641 καλ
1020 1582 1142 1660 φθάσας
1165 1581 1212 1653 είς

193 1676 304 1759 ἡμέρας
335 1676 437 1759 ,ατλε’,
468 1683 532 1750 ταῖς
563 1674 645 1758 ,ασ9’
678 1674 726 1757 με’
755 1679 906 1757 προσθεί.
956 1678 1057 1759 ἐπειδή
1089 1678 1145 1761 χδιρ
1175 1678 1212 1740 ἐν

154 1794 179 1835 15
195 1775 267 1856 μηνί
293 1775 343 1837 καὶ
370 1776 462 1856 ήμισυ
490 1776 585 1855 μηνὸς
607 1775 663 1855 τήν
685 1775 839 1855 συμβολήν
861 1774 972 1856 συνέβη
995 1775 1149 1857 χενέσθαι,
1176 1775 1213 1837 ἐν

194 1863 214 1961 ᾗ
241 1872 341 1956 γέγονε
368 1874 488 1956 καθαρὰ
516 1872 535 1953 ή
561 1875 630 1951 νίκη
654 1872 704 1934 καί
726 1870 745 1952 ἡ
769 1874 914 1953 παντελὴς
936 1884 995 1936 τῶν
1017 1872 1212 1953 ἐπικειμένων

194 1982 295 2034 κακῶν
321 1971 483 2053 ἀπαλλαγή.
533 1969 625 2033 εἰπὼν
652 1972 720 2053 γάρ·
753 1971 896 2051 μακάριος
924 1970 940 2034 6
968 1971 1131 2051 ὑπομείνας
1158 1972 1211 2033 καλ

195 2071 318 2150 φθάσας
344 2070 386 2143 είς
413 2067 524 2150 ἡμέρας
549 2066 652 2149 land,
680 2070 736 2148 τήν
763 2067 936 2149 οἰπαλλαχήν
959 2068 1112 2149 ἐδήλωσεν.
1159 2068 1211 2131 καλ

195 2170 248 2249 οὐχ
270 2167 370 2242 ἅπλῶς
392 2163 484 2230 εἶπεν·
514 2164 530 2228 6
553 2168 685 2246 φθάσας.
707 2166 832 2246 ’ἐπειδή
855 2166 911 2249 γὰρ
934 2166 1037 2228 πολλοὶ
1059 2177 1118 2228 τῶν
1141 2166 1211 2229 ἄσε-

155 2286 181 2326 εο
194 2268 352 2347 βησυίντων
372 2260 452 2328 εἶδον
471 2265 526 2345 τήν
544 2264 719 2345 μεταβολήν,
738 2263 794 2326 οὑκ
812 2263 943 2339 ἐκείνους
957 2266 1117 2345 μακαρίζει,
1135 2264 1212 2326 οἰλλὰ

194 2364 264 2438 τοὺς
286 2363 319 2426 ἐν
341 2369 403 2437 τοῖς
425 2369 539 2443 καιροῖς
561 2373 619 2424 τῶν
642 2372 742 2424 κακῶν
765 2361 981 2441 ὑπομείναντας
1003 2362 1053 2424 καλ
1075 2364 1116 2443 μή
1135 2386 1211 2445 προ-

196 2461 302 2535 δόντας
324 2460 379 2541 τήν
402 2460 553 2542 εὐσέβειαν
575 2458 625 2522 καὶ
647 2470 700 2540 τῆς
722 2458 848 2533 ἀνέσεως
870 2460 1019 2541 τυχόντας.

257 2548 329 2641 Ἆρα
355 2560 385 2619 τί
409 2559 521 2620 τούτων
548 2557 727 2640 σαφέστερον
749 2554 855 2640 γένοιτ’
876 2556 928 2635 ίίνς
957 2558 1019 2639 ὥρα
1042 2559 1080 2638 δὴ
1103 2560 1212 2622 λοιπὸν

195 2656 243 2719 ἐπλ
274 2656 306 2718 τδ
335 2657 514 2736 ζητούμενον
541 2656 640 2718 ἐλθεῖν
667 2654 718 2717 καὶ
744 2655 800 2735 τήν
826 2665 981 2736 παροῦσαν
1008 2657 1211 2736 αἰχμαλωσίαν

155 2774 181 2816 εσ
194 2755 244 2817 καί
276 2754 426 2834 δουλείαν,
460 2749 499 2814 δι’
524 2750 564 2833 ἣν
591 2752 640 2814 καλ
667 2754 764 2815 πάντα
793 2752 988 2833 κεκινήκαμεν
1015 2763 1114 2815 ταῦτα.
1162 2755 1210 2816 ὅτι

265 2951 281 2998 3
300 2943 371 2997 Dan.
388 2948 429 3011 τε,
446 2949 486 2997 11.
505 2974 539 2983 -
560 2947 592 2996 13
611 2942 797 3010 Dan.12,12.
822 2974 855 2982 -
881 2941 1210 3013 23-104144011154.

197 3017 232 3070 ι’δ.
247 3032 287 3085 ομ.
303 3020 319 3069 9
338 3014 434 3084 Migne
454 3015 582 3070 897med.

267 3183 280 3230 1
301 3174 328 3229 οὶ
347 3174 455 3246 ἀσεβεῖς
472 3174 522 3228 RV
531 3174 592 3229 chr.
612 3207 646 3215 —
666 3170 725 3229 εἶτα
744 3176 793 3228 καλ
809 3174 859 3228 τδν
877 3174 912 3227 N.
930 3205 964 3214 -
984 3180 999 3226 2
1020 3175 1123 3236 αὐτοὺς
1140 3194 1210 3227 κατ-

196 3246 268 3318 έχειν
287 3246 341 3300 ΟΡ.
367 3278 400 3287 -
424 3253 440 3300 3
460 3245 660 3318 ένδελεχισμοῦ.
688 3243 715 3299 τί
739 3245 812 3300 ἐστιν
837 3245 1039 3318 ἐνδελεχισμός·
1064 3246 1149 3299 ἐνδελ.
1175 3246 1209 3299 δέ

195 3319 267 3373 ἐκαλ.
288 3317 308 3371 C
331 3314 358 3371 τί
381 3318 455 3373 ἐστιν
478 3316 667 3387 ένδελεχισμός
683 3316 762 3370 ΑΒΕ
785 3319 816 3370 ι’νι
836 3335 888 3387 περ.
909 3318 1039 3371 ιπλιὺτνιί.
1063 3348 1097 3356 -
1123 3322 1137 3368 7
1157 3316 1209 3371 διὰ

194 3398 275 3444 τοῦτο
285 3395 346 3444 -8
360 3389 451 3444 ἐλθὼν
459 3406 516 3455 ουτ.
530 3388 564 3441 N.
579 3420 614 3428 —-
634 3394 667 3442 15
681 3385 773 3457 ήμίσει
786 3388 835 3441 BF
846 3388 907 3441 Chr.
924 3420 957 3427 -
977 3393 1010 3441 23
1026 3387 1082 3455 ἄρα
1096 3386 1207 3441 GLRV.

195 3492 228 3500 -
249 3456 307 3530 ὧροι
325 3460 350 3514 D
375 3458 426 3530 ὅρα
444 3458 572 3513 ABPRV
595 3458 650 3527 ὀίρα
669 3460 699 3513 F.
724 3490 757 3499 --
781 3465 815 3513 25
834 3459 884 3513 καλ
906 3466 969 3514 ante
987 3458 1081 3513 πάντα
1100 3475 1149 3513 ουτ.
1169 3458 1206 3512 N.

268 3646 301 3694 14
319 3648 422 3701 ταῖς-
436 3643 469 3691 18
489 3636 576 3711 ‘acze'
597 3654 647 3691 om.
663 3636 685 3689 Ρ
703 3654 737 3691 ια
754 3637 904 3692 λουιοοοίιλ.
