2617 3909
534 251 723 304 XPONIKON
1070 248 1135 313 577

124 398 394 472 σταντιυουπόλεως
417 399 545 475 ἐξελθὼν
568 398 585 461 δ
608 398 745 479 βασιλεὺς
772 398 820 461 ἐπί
837 394 952 479 Ῥώμην
978 401 1033 479 τὴν
1057 398 1136 462 όδοτ-

124 498 234 577 πορίαν
255 497 388 559 ἐποιεῖτο.
433 497 467 559 ἐν
490 494 522 559 δὲ
548 499 747 581 Θεσσαλονίκῃ
770 497 927 580 γενόμενος
948 497 1022 559 κατὰ
1043 499 1137 580 πάρο-

124 597 189 675 δον,
212 594 343 657 καὶτῶν
366 606 549 677 στρατιωτῶν
572 594 666 656 αὐτοῦ
688 596 875 676 ταραξάντων
899 595 955 675 τὴν
976 597 1064 659 πόλιν
1086 593 1138 656 διὰ

124 694 251 774 μητάτα,
279 692 452 755 ἐστασίασαν
480 695 512 755 οῖ
534 696 755 767 Θεσσαλονικεῐς
781 692 831 755 καλ
858 693 910 755 τόν
937 693 1056 775 βασιλέα
1083 690 1190 772 μένλῖθ
1204 706 1235 746 M-

123 792 265 873 ίίβρισαν,
292 790 374 864 τινάς
402 790 434 853 δὲ
461 801 521 853 τῖον
543 791 693 875 ἀρχόντων
720 792 813 854 αὐτοῦ
840 791 890 853 καί
912 792 1136 872 ἐλιθοβόλησαν.
1165 813 1177 853 ε

124 889 140 951 ὁ
164 889 196 953 δέ
224 888 284 952 θπδ
307 900 366 951 τῖον
388 888 592 971 ἀγγελθέντων
619 889 761 967 ε’ξαφθιλς
787 890 838 952 καλ
865 891 906 971 μὴ
934 889 1061 971 ἐνεγκὼν
1083 898 1138 952 τοῦ

123 996 227 1069 θυμοῦ
259 988 314 1067 τὴν
346 989 445 1070 ῥύμην
480 994 519 1072 τῷ
551 987 672 1072 ὑπάρχω
704 998 757 1067 τῆς
788 988 900 1062 πόλεως
936 987 1050 1068 ἐκείνης
1081 988 1138 1069 τὴν

122 1096 233 1167 ψῆφον
269 1095 322 1166 της
353 1087 492 1168 τιμωρίας
529 1086 689 1167 ἐξενεγκεῖν
719 1084 886 1167 ἐπέτρεψεν.
931 1084 965 1160 δς
996 1088 1137 1168 τοιαύτην

122 1185 261 1260 ἐξουσίαν
283 1183 383 1264 λαβὼν
406 1178 454 1245 οία
473 1184 511 1263 δὴ
531 1183 696 1263 αὐτόνομος
717 1183 768 1244 καλ
789 1185 933 1265 τύραννος
956 1182 1045 1245 ἀδικα
1062 1186 1136 1264 ξίφη

122 1282 197 1347 κατὰ
224 1283 345 1345 πάντων
372 1281 520 1363 έγόμνωσε
546 1280 596 1342 καλ
624 1281 694 1355 τοὺς
716 1280 838 1355 ἀθάους
866 1282 937 1363 μετὰ
963 1294 1022 1345 τῶν
1044 1282 1136 1344 θπευ-
1152 1303 1178 1342 ιο

122 1382 230 1443 θόνων
261 1380 421 1443 κατέκτεινε
457 1380 589 1460 χιλιάδας
621 1376 656 1453 ζ’.
706 1380 818 1459 ταύτην
854 1372 910 1442 οὖν
942 1378 1051 1459 μαθὼν
1082 1380 1137 1459 τὴν

122 1478 282 1561 συμφοράν
307 1474 480 1559 Ἄμβροσσος
512 1474 528 1537 δ
556 1477 715 1550 ἐπίσκοπος
744 1478 958 1558 Μεδιολάνων,
989 1479 1074 1551 πόλις
1104 1475 1137 1539 δέ

121 1579 199 1656 αὕτη
225 1586 278 1657 τῆς
302 1570 437 1656 Ἰταλίας,
469 1576 511 1649 είς
542 1573 581 1655 ἣν
613 1574 799 1656 ἀφικομένου
830 1585 883 1637 τοῦ
915 1575 1056 1656 βασιλέως
1087 1574 1137 1637 κοιλ

122 1676 266 1754 συνήθως
297 1674 340 1749 εἰς
367 1673 419 1735 τὸν
445 1673 520 1735 ναὸν
547 1673 749 1754 βουληθέντος
776 1675 935 1755 εἰσελθεῖν,
964 1673 1137 1753 ἀπαντησας

122 1774 177 1847 ἔξω
200 1783 260 1835 τῶν
280 1773 444 1855 προθόρων
467 1772 624 1835 διεκώλυεν
647 1773 739 1835 αι’ττὸν
761 1772 832 1853 μετὰ
854 1774 1019 1855 παρρησίας
1042 1774 1176 1852 βοῶντι

122 1872 179 1934 οάκ
202 1864 295 1951 οίδας,
319 1868 359 1944 ὡς
381 1869 490 1950 ἔοικεν,
516 1863 539 1931 ἀ
562 1872 698 1951 βασιλεῦ,
725 1880 778 1951 της
800 1869 993 1953 εἰργασμένης
1016 1894 1136 1950 μιαιφο-

122 1971 189 2042 νίας
208 1967 240 2030 τό
260 1967 393 2050 μέγεθος.
439 1966 509 2030 οὐδὲ
536 1969 591 2052 γὰρ
614 1969 649 2055 ἐᾷ
672 1978 725 2049 της
743 1971 890 2050 βασιλείας
914 1970 983 2042 ἴσως
1005 1966 1025 2047 οἱ
1045 1969 1136 2030 δυνα-

122 2069 201 2129 στεία
233 2066 288 2146 την
320 2064 465 2147 ἁμαρτίαν
497 2065 671 2149 ἐπιγνῶναι,
707 2066 757 2127 καλ
788 2066 847 2128 όπὸ
877 2077 930 2147 τῆς
962 2064 1137 2148 ἆλουργίδος

122 2165 313 2245 ἀπατώμενος
340 2163 457 2245 ἀγνοεῖς
483 2174 536 2226 τοῦ
558 2163 782 2244 καλυπτομένου
810 2165 944 2243 σώματος
968 2162 1023 2241 τὴν
1045 2162 1137 2224 ἀσθέ-

121 2287 214 2325 νειαν.
251 2258 314 2323 ἀλλ’
336 2263 400 2323 ἴσθι
423 2260 463 2335 ὡς
487 2262 623 2345 φθαρτὸς
645 2258 689 2323 δον
711 2261 761 2323 καὶ
783 2262 903 2344 ῥευστὸς
924 2261 1062 2342 φθαρτόν
1081 2278 1135 2321 σου
1150 2282 1177 2322 το

122 2359 173 2422 καλ
201 2360 322 2442 ρευστδν
349 2359 472 2441 ὑπάρχει
499 2360 531 2421 τὸ
555 2360 661 2442 κράτος
688 2358 738 2421 καλ
764 2356 784 2437 η
809 2361 978 2440 δυναστεία,
1005 2358 1072 2441 περί
1098 2351 1136 2437 ἧς

123 2458 230 2538 μικρὸν
257 2457 378 2539 ὕστερον
406 2458 494 2539 λόγον
521 2456 685 2530 ἀποδώσεις
711 2462 751 2541 τῷ
774 2460 892 2538 βασιλεῖ
914 2466 973 2518 τῶν
1000 2459 1137 2537 βασιλευ-

196 2644 281 2692 5-11
297 2637 462 2692 Τίτεοδοτελ.
473 2637 544 2692 Hist.
556 2638 623 2692 εοολ.
633 2636 668 2705 V,
679 2643 720 2691 17.
732 2670 766 2678 -
776 2644 872 2707 ll-p.
884 2643 944 2705 580,
954 2642 988 2691 20
1002 2639 1037 2693 ιδ.
1048 2636 1081 2704 V,
1094 2643 1136 2692 18.

196 2780 280 2835 aaa&
299 2780 333 2835 τὰ
352 2802 378 2850 μ.
398 2780 457 2834 FM.
482 2812 515 2820 -
539 2780 675 2850 λμιτάτα
698 2782 767 2850 (sine
785 2798 840 2836 σοι.
858 2782 893 2849 Α)
911 2778 1077 2833 ABDFRV.
1101 2811 1136 2819 —

122 2852 173 2908 τόν
196 2851 247 2922 μὲν
270 2850 384 2923 βασιλέα
403 2851 482 2905 ABR
504 2850 554 2921 μέν
577 2869 627 2907 οκι.
647 2852 685 2906 Μ.
713 2884 748 2893 -
776 2858 792 2905 5
816 2854 864 2907 καλ
887 2869 936 2907 om.
956 2850 1077 2905 BMRV.
1101 2882 1136 2891 —

124 2922 270 2995 λέπάρχφ
289 2922 370 2977 PRV.
395 2955 428 2964 -
454 2928 487 2977 10
506 2922 577 2978 κατὰ
599 2932 654 2978 τῶν
677 2923 792 2978 πάντων
814 2923 849 2977 N.
875 2954 911 2963 —
939 2928 971 2976 11
991 2921 1136 2977 ἀπέκτεινε

122 2994 233 3088 ΕΜΓ
250 2994 312 3117 1Ξὲ
328 2994 477 3066 ἀμβρόσιος
495 2992 583 3050 ἐπίσκ.
599 2994 621 3048 Β
641 2994 656 3048 ὁ
671 3011 721 3050 om.
736 2994 773 3048 Μ.
789 3026 822 3036 -
843 3001 876 3048 16
896 2989 981 3048 οίσθα
995 2992 1134 3047 RTheod.

123 3098 157 3108 —
177 3089 198 3120 ω
218 3083 268 3122 om.
312 3110 317 3119 .

197 3213 265 3262 1-3
281 3208 401 3273 ἐξελθὼν
416 3208 461 3263 ἐπὶ
471 3204 565 3277 δέσμην
579 3209 627 3262 καλ
642 3207 714 3262 κατὰ
727 3207 855 3275 πάροδον
869 3206 899 3261 ἐν
912 3210 942 3261 θ.
951 3226 1007 3278 γεν.
1018 3208 1066 3261 καλ
1079 3216 1135 3261 τῶν

123 3298 180 3349 στρ.
195 3279 224 3334 P.
243 3312 277 3320 —
294 3286 311 3334 4
332 3280 381 3333 καλ
394 3279 443 3335 τὸν
460 3280 520 3349 βασ.
536 3276 761 3351 καθυβρίσαντες
773 3277 929 3346 κατέσυραν
943 3279 992 3333 καλ
1007 3277 1135 3333 κατέλευ-

123 3350 177 3406 σάν
191 3370 272 3412 τινας
289 3360 344 3406 τῶν
361 3349 505 3422 ἀρχόντων
519 3350 541 3404 Ρ
554 3351 669 3421 (similia
682 3350 807 3419 Theod.).
826 3382 860 3390 —
880 3355 896 3403 8
916 3349 1068 3420 ἐξενεγκεῖν
1085 3356 1136 3417 της

121 3420 256 3493 τιμωρίας
269 3422 405 3477 PTheod.
422 3454 455 3463 -—
473 3428 503 3475 11
538 3428 570 3476 ιλ.
585 3419 610 3487 ζ’
621 3424 758 3491 μηδεμιᾶς
771 3419 942 3488 ἀνακρίσεως
955 3419 1135 3491 γενομένηςΡ

123 3495 167 3564 (οά
187 3490 303 3562 κρίσεως
323 3493 340 3563 ἡ
359 3490 499 3564 ησαμένης
519 3444 643 3555 3[¹heod.).
668 3524 702 3534 —
727 3498 760 3546 13
779 3490 951 3561 ἀφικόμενος
971 3492 986 3547 δ
1007 3492 1136 3563 βασιλεὺς

122 3566 173 3621 καλ
182 3596 216 3607 -
227 3514 401 3635 βουληθέντα
412 3565 441 3619 Ρ.
467 3561 651 3633 (ἀφικόμενον
664 3563 715 3618 τὸν
729 3561 844 3634 βασιλέα
857 3565 949 3618 καλ-
960 3565 1026 3634 βουλ
1045 3558 1134 3617 θέντα

123 3636 248 3705 Themi).
261 3668 292 3677 -
305 3641 337 3690 15
353 3636 404 3701 ἐξω
418 3655 440 3689 τ.
451 3636 605 3703 προθόρων
620 3633 675 3704 ἐφη
689 3635 757 3705 μετὰ
770 3631 938 3704 παρρησίας
955 3635 1006 3688 οὐκ
1016 3583 1097 3695 ολδοις
1103 3631 1133 3684 P.

923 3722 974 3775 37ΙΙΙ
