2617 3909
194 171 260 236 τον
505 171 693 223 τοσούτου
710 170 893 222 mmor

193 320 244 382 καὶ
270 321 326 400 τήν
352 320 466 401 κόπρον
492 317 592 379 αὐτῶν
619 327 672 379 τοῦ
700 317 882 398 παραδείσου
908 316 1106 396 ἀποβάλλειν,
1138 318 1224 390 ὅπως

193 417 232 480 ἀν
255 420 296 498 μή
319 416 480 491 ἐποζέσειεν
504 415 520 478 δ
541 416 730 497 παράδεισος,
753 414 876 478 ἕκαστον
899 412 931 478 δὲ
955 411 999 489 ὡς
1018 413 1057 476 ἀν
1081 407 1222 478 ἐνταῦθα

194 518 327 598 βιώσειεν
349 517 404 577 εἴτε
422 514 455 577 ἐν
472 513 590 597 πλούτφ
612 512 668 575 εἴτε
690 513 723 575 ἐν
743 514 831 597 πενίγ
853 511 903 573 καὶ
921 511 1027 598 ἀδοξίρι
1048 514 1104 576 τὸν
1126 513 1221 576 αύτδν

194 615 285 677 ἐκεῖσε
307 613 418 695 τρόπον
440 612 562 692 διάγειν.
599 603 687 684 οὗτος
709 603 766 672 ούν
789 609 990 692 ὅθεοστυγής
1012 609 1064 672 καί
1089 610 1220 692 ἐμβρόν-

168 733 282 790 στητος
308 710 383 793 πρὸς
405 711 520 782 τούτοις
541 709 652 782 παντὸς
679 707 800 790 ἀγαθοῦ
826 707 877 769 καί
904 717 1040 791 πονηροῦ
1063 709 1119 771 τὸν
1145 707 1219 770 θεὸν

196 810 293 871 αἴτιον
314 807 457 889 ύπάρχειν
479 806 701 888 ἐτερατολόγησε
724 805 774 867 καί
797 805 867 878 τούς
889 805 997 890 ληστάς
1019 805 1071 867 καὶ
1096 830 1219 889 φαρμα-

111 910 114 918 “
195 907 268 980 τοὺς
290 905 341 968 καὶ
363 906 453 978 ὅσους
475 905 528 967 ἐὰν
550 903 807 985 ἀπηγορευμέναις
829 902 954 976 ἁλόντας
971 903 1116 986 πράξεσιν
1137 903 1218 965 ἀναι-

196 1003 362 1084 ρουμένους
385 1004 488 1083 ἴδοιεν,
511 1003 590 1063 ούτω
608 999 703 1079 φασὶν
721 1001 851 1094 ἔγραφεν
870 999 886 1062 δ
905 1001 977 1074 θεὸς
999 999 1050 1062 καὶ
1068 987 1217 1083 προώρισε

195 1100 335 1184 γενέσθαι
357 1100 407 1163 καὶ
430 1103 525 1175 ούτως
547 1095 718 1162 ἀποθανεῖν
740 1099 850 1173 αύτούς
871 1097 1043 1179 ἠβουλήθη.

143 1221 182 1260 ‘10
261 1194 415 1281 Ἀγάσαιτο
438 1193 466 1259 δ’
483 1197 521 1260 άν
543 1221 587 1272 τις
610 1197 688 1276 μάλα
711 1197 748 1277 δή
773 1190 829 1259 σύν
852 1196 970 1270 εἰκότως
992 1197 1049 1276 τήν
1066 1199 1217 1276 τοσαύτην

196 1296 246 1359 καὶ
269 1297 449 1376 τηλικαύτην
478 1296 563 1376 ίσχύν
584 1317 615 1356 τε
641 1294 692 1356 καὶ
720 1296 827 1377 διαρκῆ
854 1304 906 1374 τῆς
929 1293 1045 1374 ἀπάτης
1067 1306 1123 1358 τοῦ
1149 1302 1216 1357 θεο-

198 1396 292 1476 μάχου
314 1394 365 1456 καί
387 1393 622 1474 ματαιόφρονος,
649 1396 761 1471 μᾶλλον
788 1390 820 1454 δέ
842 1391 966 1472 ἐσχάτην
993 1393 1169 1475 παράνοιάν
1190 1415 1216 1453 τε

196 1492 246 1553 καί
273 1493 442 1571 κτηνωδίαν
468 1499 528 1551 τῶν
553 1490 636 1572 μέχρι
663 1499 720 1551 νύν
748 1499 782 1574 τῆ
806 1491 913 1552 τούτου
941 1491 1039 1574 πλάνη
1068 1492 1216 1554 δεδουλω

198 1588 295 1667 μένων
313 1587 364 1649 καὶ
382 1586 422 1662 ὡς
441 1587 565 1670 ίσχυράν
584 1589 749 1669 θρησκείαν
767 1587 817 1648 καὶ
835 1581 925 1672 θείαν
943 1589 1055 1667 ταύτην
1074 1587 1215 1671 ἀφρόνως

157 1707 183 1746 τι
198 1682 381 1766 ἡγουμένων.
426 1686 501 1766 πρὸς
522 1685 579 1768 γὰρ
601 1685 657 1765 τήν
680 1685 773 1759 όντως
795 1685 896 1765 ἀληθῆ
920 1709 950 1747 τε
976 1685 1027 1748 καὶ
1055 1687 1141 1769 ίερδιν
1170 1687 1216 1748 καὶ

196 1783 417 1865 θεοβράβευτον
451 1783 550 1844 πίστιν
587 1783 719 1865 ἐναργῶς
755 1779 1035 1860 ἀποτυφλάττουσιν
1070 1785 1104 1846 οἱ
1133 1785 1215 1848 ἐσκο-

195 1879 326 1959 τισμένοι
353 1878 404 1941 καί
426 1878 577 1960 ἀσύνετοι,
605 1880 680 1962 πρὸς
708 1879 741 1942 δέ
767 1881 823 1961 τήν
848 1881 1052 1960 ψευδώνυμον
1080 1885 1216 1965 λατρείαν

195 1977 246 2040 καὶ
269 1980 481 2059 πλαστολογίαν
508 1987 562 2039 τοῦ
585 1976 716 2056 φένακος
742 1977 936 2060 προσέχουσιν
964 1979 997 2040 οἱ
1016 1980 1142 2042 δείλαιοι
1168 1979 1215 2040 καὶ

196 2078 406 2159 βαρυκάρδιοι,
437 2075 488 2137 καί
515 2075 589 2157 πρὸς
621 2074 675 2154 μὲν
702 2075 771 2148 τοὺς
798 2075 914 2147 ύθλους
945 2075 995 2136 καί
1022 2077 1135 2158 λήρους
1168 2075 1215 2138 καὶ

144 2196 182 2235 ’το
197 2175 342 2254 βεβήλους
368 2174 554 2251 κενοφωνίας
580 2174 615 2234 οἱ
638 2174 836 2256 χαιρεσίκακοι
863 2171 1112 2255 καταθέλγονται,
1142 2175 1214 2256 πρὸς

197 2269 229 2333 δὲ
260 2272 330 2346 τούς
361 2272 567 2353 θεοπαρόχους
604 2268 654 2331 καί
686 2271 881 2352 σωτηριάδεις
912 2270 1020 2351 λόγους
1057 2271 1131 2334 ούδὲ
1162 2272 1214 2350 τήν

196 2367 292 2446 ἀκοήν
323 2368 485 2456 ύπούείναι
515 2369 548 2430 τδ
576 2369 717 2450 παράπαν
744 2367 906 2450 ἀνέχονται.
952 2367 1005 2430 τὸν
1032 2369 1090 2450 γδιρ
1125 2368 1214 2443 ύντως

97 2490 138 2531 σιτ
151 2489 182 2527 α.
198 2463 269 2526 όντα
291 2465 365 2527 θεὸν
388 2467 440 2528 τὸν
463 2465 513 2527 διὰ
535 2465 632 2545 νόμου
655 2465 705 2527 καὶ
728 2475 893 2547 προφητῶν
916 2465 1046 2545 ἐκδήλως
1071 2469 1214 2548 κηρυττό-

270 2632 283 2679 1
308 2627 462 2708 ἀποβάλειν
485 2628 508 2680 Β
537 2628 692 2752 ἀποβαλεῖν
714 2629 744 2682 L.
770 2659 803 2668 —
830 2634 845 2680 6
870 2615 1038 2696 φαρμάκους
1059 2618 1215 2684 AG'MP'et

196 2712 267 2808 ¹3⁰⁰(
282 2699 406 2823 δώῃ·
418 2704 485 2824 'in-3
499 2695 749 2825 ἀάλινῐόό
761 2699 945 2831 ἀόῗόῖδόά
949 2698 1213 2826 RXB‘5012”{{25;AE;

197 2773 280 2966 πρχαλά
297 2788 425 2964 miv}
434 2839 549 2908 πράξεις
567 2842 597 2894 Μ
614 2791 695 2896 ςδιλόόν
714 2841 765 2904 τάς
781 2839 896 2910 πράξεις
915 2790 953 2894 ΙάΙ
970 2873 1003 2881 -
1029 2846 1063 2896 19
1082 2843 1133 2896 καὶ
1151 2851 1214 2898 ουλε

196 2929 234 2978 πρ
253 2933 267 2973 ς
284 2927 335 2964 om.
403 2952 409 2963 .
745 2939 746 2942 ¹
1148 2935 1150 2938 ·

269 3048 286 3094 4
305 3040 507 3115 ἐμβρόντητος]
519 3043 677 3106 λαοπλάνος
694 3043 723 3097 P.
749 3075 782 3084 -
807 3049 822 3097 9
842 3044 891 3098 καλ
911 3043 979 3098 άλλα
999 3045 1064 3100 τινδι
1087 3051 1213 3118 παραλη-

198 3119 313 3178 ροῦντες
334 3115 545 3185 βλασφημοῦσιν
568 3114 596 3170 οἱ
620 3114 759 3183 ἐξάγιστοι
786 3115 835 3169 καὶ
862 3117 1012 3184 μανιώδεις
1035 3117 1100 3171 add.
1120 3117 1152 3171 P.
1181 3151 1213 3159 -

201 3189 232 3236 11
247 3184 330 3238 τοῦδε
342 3193 393 3238 τοῦ
406 3185 552 3256 θεομάχου
561 3187 591 3240 Ρ.
603 3217 639 3244 -,
648 3191 681 3239 12
697 3185 793 3255 δὲτὴν
807 3184 926 3257 ἐσχάτην
935 3186 965 3240 Ρ.
976 3219 1011 3228 -
1026 3193 1059 3241 17
1075 3188 1212 3244 ἀσύνετοι.

199 3253 265 3308 ούδέ
279 3254 332 3323 γάρ
348 3255 474 3324 ἔγνωσαν
487 3257 554 3310 οὐδὲ
569 3265 694 3326 συνῆκαν
713 3257 750 3319 ὡς
763 3257 794 3312 ἐν
809 3255 901 3312 σκότει
913 3265 964 3325 τῆς
977 3259 1042 3325 περὶ
1055 3266 1112 3314 τῶν
1126 3279 1213 3328 κρειτ-

198 3321 289 3379 τόνων
306 3324 447 3393 ἀγνωσίας
464 3327 514 3380 διά
531 3325 639 3388 παντὸς
655 3346 693 3380 πο
712 3324 840 3395 ευόμενοι
858 3327 888 3382 P.
904 3359 939 3368 -
959 3334 993 3390 18
1010 3327 1213 3400 πλαστολυγίαυ

199 3393 303 3447 λύσσαν
316 3414 347 3449 τε
365 3397 414 3448 καλ
426 3393 570 3463 πρόδηλον
586 3346 743 3466 ἐρεσχελάαν
757 3405 807 3452 τού
820 3401 995 3468 θεοστυγούς
1007 3399 1214 3468 ἀπερισκέπτως

199 3464 248 3515 καὶ
271 3461 481 3585 διηγοκινδύνως
503 3463 688 3536 προσέχουσιν
707 3463 923 3536 ἀνοηταίνοντες
941 3469 969 3522 οἱ
987 3465 1106 3525 δείλαιοι
1125 3471 1156 3525 P.
1180 3504 1213 3513 -

176 3565 178 3569 -
201 3537 234 3584 21
255 3535 308 3586 ούδ
332 3539 410 3584 —22
428 3531 578 3602 ἀνέχονται
596 3552 645 3588 om.
661 3535 690 3587 Ρ.
948 3558 950 3560 ·
1078 3577 1081 3582 -
