2617 3909
530 254 719 307 XPONIKON
1067 252 1133 317 463

114 404 174 465 εἴτε
197 401 243 463 οὔ.
280 401 329 463 καί
352 404 384 464 οἱ
404 400 458 482 μέν
478 401 589 483 ἔλεγον·
614 401 766 483 ἐλογίσθη,
789 402 996 484 μαρτυρούσης
1012 401 1063 463 καί
1080 412 1134 483 τῆς

115 498 235 582 ἀθρόας
256 498 357 581 δγείας
380 500 484 581 αὐτοῦ,
507 500 539 561 οί
559 496 591 560 δέ
614 500 651 561 οὐ
674 498 867 581 παρεδέχοντο
890 498 990 562 διὰτὸ
1009 498 1051 579 μὴ
1073 522 1133 560 τοι-

114 598 215 677 αάτην
242 598 317 678 ἔχειν
343 598 399 677 τὴν
426 597 583 677 ἐκκλησίαν
610 598 777 678 παράδοσιν
804 596 854 657 καὶ
881 597 1006 675 μάλιστά·
1025 620 1058 678 γε
1080 605 1134 658 τοῦ

114 696 226 777 κυρίου
253 696 327 779 πρὸς
350 696 528 775 Νικόδημον
551 695 712 775 εἰρηκότος·
740 694 792 757 ἐὰν
816 695 860 774 μή·
879 718 923 768 τις
944 701 1080 779 γεννηθῇ
1103 694 1134 769 ἐξ

114 794 228 867 ὕδατος
258 793 309 855 καί
340 795 520 874 πνεύματος,
552 793 588 855 οὐ
617 792 658 873 μὴ
686 792 805 878 είσέλθη
832 794 874 867 είς
901 793 957 871 την
983 795 1133 874 βασιλείαν
1160 818 1173 857 5

116 901 179 953 τῶν
202 892 346 974 οὐρανῶν.
383 893 497 954 τούτων
517 893 620 953 τοίνυν
638 890 688 952 καὶ
706 890 812 974 έτὲρων
829 890 1029 972 λαληθέντων,
1053 891 1133 963 ἔδοξε
1253 879 1255 883 ’

117 994 158 1073 τῷ
180 987 253 1075 ἁγίῳ
270 992 420 1075 Διονυσίῳ
444 993 648 1070 βαπτισθῆναι
671 988 763 1051 αὐτὸν
780 988 830 1050 καί
852 988 1024 1062 ἀποστείλας
1042 988 1133 1050 αότὸν

115 1088 164 1161 είς
184 1088 235 1149 τὸν
251 1082 405 1170 Ἰορδάνην
424 1088 556 1167 ποταμόν
575 1086 737 1167 ἐβάπτισεν.
773 1086 825 1147 τδν
843 1084 877 1149 δέ
893 1087 1134 1169 προβαπτίσαντα

118 1185 212 1247 αὐτὸν
244 1186 294 1247 διὰ
325 1196 378 1267 τῆς
406 1187 533 1266 ψάμμου
565 1184 650 1260 άξιον
678 1186 769 1248 αὐτὸν
795 1184 965 1268 ὑπάρχοντα
992 1187 1134 1247 διάκονον

117 1284 345 1364 ἐχειροτόνησεν.
395 1284 514 1357 εἰκότως
544 1276 600 1345 οὖν
627 1281 677 1343 καί
705 1282 720 1345 δ
749 1282 838 1365 μέγας
865 1282 1029 1364 Γρηγόριος
1056 1282 1134 1344 ἀπα-
1148 1309 1174 1347 10

117 1381 272 1463 ριθμησας
298 1380 334 1442 τὰ
360 1382 546 1462 βαπτίσματα
571 1382 668 1442 πάντα
692 1383 798 1460 φησίν·
826 1381 963 1461 ἐβάπτισε
985 1385 1133 1459 Μωῢσης,

117 1474 183 1539 ἀλλ’
205 1478 237 1540 ἐν
260 1479 346 1541 ὕδατι
372 1477 423 1540 καί
449 1478 506 1559 πρὸ
534 1479 642 1540 τούτου
669 1480 702 1540 ἐν
723 1477 834 1564 νεφέλη
861 1478 911 1539 καί
933 1478 966 1540 ἐν
987 1479 1132 1562 θαλάσση.

117 1576 257 1657 ἐβάπτισε
289 1576 338 1638 καί
362 1572 504 1656 Ἰωάννης
536 1575 633 1638 οόκέτι
666 1575 720 1656 μὲν
747 1578 922 1656 ιὀυδαῑκῶς,
954 1576 991 1637 οό
1018 1576 1074 1657 γὰρ
1101 1575 1134 1637 ἐν

118 1674 207 1737 δδατι
231 1675 334 1755 μόνον,
357 1674 429 1737 άλλόι
452 1674 501 1736 καὶ
524 1676 566 1749 είς
584 1675 750 1754 μετάνοιαν.
793 1676 924 1755 βαπτίζει
941 1673 992 1735 καὶ
1006 1668 1133 1753 Ἰησοῦς,

118 1766 183 1833 ἀλλ’
209 1772 243 1835 ἐν
269 1774 421 1852 πνεύματι.
467 1782 553 1834 τοῦτο
580 1770 600 1851 ἡ
628 1774 779 1852 τελειότης.
825 1767 897 1834 οίδα
922 1772 971 1833 καὶ
997 1771 1133 1855 τέταρτον
1147 1796 1173 1837 15

118 1871 271 1951 βάπτισμα
292 1872 325 1933 τό
349 1870 399 1931 διὰ
422 1873 583 1952 μαρτυρίου
606 1870 656 1932 καί
679 1872 815 1957 αἵματος,
839 1866 907 1932 οῖδα
929 1869 979 1930 καί
1001 1868 1133 1947 πέμπτον

118 1968 162 2030 ἔτι
189 1969 221 2031 τὸ
250 1968 300 2030 διόι
327 1970 474 2049 δακρύων.
520 1969 632 2031 οὐκοῦν
660 1970 782 2043 δικαίως
805 1969 843 2030 οὐ
865 1965 1060 2048 παρεδέξαντο
1083 1965 1133 2026 καὶ
1148 1983 1186 2023 σοι
1199 1982 1233 2021 Μ.

118 2068 187 2129 λίαν
218 2064 367 2148 ἁρμοδίως
398 2066 492 2129 έκεῖνο
523 2066 556 2129 τδ
583 2068 741 2148 βάπτισμα.
786 2072 875 2128 ποῖον
901 2065 956 2147 γὰρ
985 2064 1016 2125 ἐκ
1043 2073 1133 2124 ταῦτα

119 2166 306 2247 ἐβαπτίσατο,
330 2160 370 2225 ἵν’
391 2162 432 2237 ὡς
454 2163 576 2245 βέβαιον
598 2164 648 2226 καί
671 2170 756 2226 θεῖον
778 2164 946 2246 κυρωθείη;

189 2267 257 2324 Ποῦ
280 2264 383 2324 τοίνυν
404 2261 481 2324 είσίν
503 2263 535 2324 οί
558 2263 720 2341 κοσμικοάς
746 2284 829 2333 τινας
851 2258 902 2321 καὶ
923 2264 1067 2340 γυναῖκας
1088 2255 1133 2318 λέ-
1147 2284 1174 2323 νο

118 2382 222 2443 γοντες
245 2362 384 2439 βαπτίσαι
407 2359 476 2423 ποτέ
497 2360 571 2421 κατδι
588 2360 768 2441 περίστασιν,
793 2357 834 2438 μὴ
857 2356 1003 2440 παρόντος
1025 2354 1133 2438 ἱερέως,

120 2456 172 2519 καί
194 2458 236 2531 είς
257 2458 408 2537 βάπτισμα
424 2464 511 2519 θεῖον
528 2456 578 2518 καί
595 2455 705 2518 τέλειον
723 2457 824 2529 αὐτοῖς
841 2461 1029 2537 λογισθῆναι,
1048 2459 1133 2532 φιλο-

194 2626 211 2673 4
229 2620 291 2675 Joh.
312 2627 340 2687 3,
360 2626 384 2675 ό.
405 2652 439 2659 -
460 2618 784 2689 11-1'1Gregor.Naz.
805 2618 900 2673 0139
923 2636 963 2689 ομ.
981 2623 1013 2671 17
1037 2618 1133 2687 Migne

119 2692 199 2748 Tom.
216 2696 258 2760 36,
273 2696 333 2747 353.

195 2815 210 2862 1
229 2806 284 2863 εἴτε
302 2808 350 2862 καλ
370 2807 402 2862 οό
416 2807 451 2860 Ν.
467 2839 500 2847 -
523 2803 565 2861 ότι
584 2804 716 2876 ἐλογίσθη
730 2805 790 2860 NV.
811 2838 844 2845 -
862 2807 911 2860 καλ
928 2812 979 2875 τῆς
992 2804 1067 2858 ΑΒΡ
1085 2805 1135 2858 καί

121 2896 172 2935 mn.
186 2878 247 2933 rell.
263 2910 297 2919 -
316 2876 428 2948 2δγίας
441 2876 550 2931 AGEF.
565 2909 601 2918 —
620 2876 669 2933 διὰ
686 2876 718 2931 τδ
736 2877 788 2947 τὴν
806 2878 940 2948 τοιαάτην
959 2874 1066 2947 ἐχεινῦ
1085 2875 1134 2930 διὰ

120 2950 153 3005 τὸ
176 2950 213 3020 μὴ
236 2950 288 3020 τὴν
310 2968 333 3003 τ.
353 2950 390 3020 έγ.
410 2950 435 3003 R
458 2949 507 3005 διά
529 2949 561 3004 τὸ
583 2949 689 3003 τοιαότ.
709 2949 745 3017 μὴ
770 2949 843 3020 ἔχειν
860 2948 887 3003 V
909 2948 958 3003 διὰ
979 2948 1011 3002 τὸ
1035 2946 1072 3016 μὴ
1094 2947 1109 3001 ἔ
1127 2991 1132 2999 .

119 3022 254 3090 τοιαύτην
272 3020 302 3075 Β.
321 3052 356 3061 -
373 3027 391 3073 4
408 3020 480 3088 πρὸς
498 3018 652 3090 νιτόδημον
666 3020 741 3073 ΑΒΡ
751 3018 856 3074 Moseh.
880 3020 951 3087 πρὸς
968 3020 1018 3073 τόν
1032 3040 1057 3074 ν.
1072 2968 1133 3072 rofi.

122 3126 156 3134 -
177 3098 192 3146 9
212 3092 299 3147 αὐτὸν
314 3098 377 3161 post
396 3091 476 3156 ἄξιον
494 3092 580 3147 οτιλ7
599 3099 624 3145 et
641 3107 711 3145 rece.
727 3090 850 3159 quidam.
870 3122 905 3131 -
924 3096 957 3144 12
976 3089 1008 3145 ἐν
1025 3098 1065 3214 ορ
1076 3093 1133 3144 θα-

119 3163 208 3235 λάσση
227 3160 364 3217 ODEFL.
383 3194 418 3202 -
443 3168 475 3216 1⁷
495 3163 534 3218 ἔτι
553 3180 603 3217 σοι.
621 3161 676 3216 OF.
697 3194 731 3203 -
756 3167 788 3216 18
808 3162 945 3217 ἐνταῦτα
962 3158 1039 3230 Aes}
1089 3160 1133 3215 ἐκ·

119 3234 255 3289 ταῦθαΙδ
279 3235 309 3290 ἐκ
326 3234 432 3289 τοότοιν
446 3233 586 3288 BPNRV.
607 3266 640 3275 -
661 3239 693 3288 19
713 3236 830 3303 κυρωθῇ
844 3233 902 3288 RV.
921 3265 954 3274 -
971 3238 1005 3286 22
1025 3235 1134 3301 φιλονι-

118 3314 237 3369 κοῦντες
254 3304 391 3359 AOLMP.

197 3429 210 3475 l
230 3420 284 3476 εἴτε
299 3420 332 3476 οά
351 3438 401 3475 om.
416 3421 445 3475 P.
462 3452 494 3461 -
515 3427 530 3474 2
550 3418 658 3492 ὑγείας]
673 3418 824 3490 εόρωοτίας
837 3420 866 3475 Ρ.
883 3452 916 3461 -
935 3421 1023 3474 αὐτοῦ
1037 3436 1088 3475 om.
1102 3419 1132 3473 P.

121 3524 157 3535 -
177 3499 194 3546 4
209 3492 409 3561 φάσκοντος-Ρ.
424 3524 459 3533 -
478 3498 493 3546 7
514 3489 646 3565 διουυσίηο
660 3492 822 3548 ἀποστεῖλαι
840 3491 928 3548 αότδν
943 3492 985 3555 είς
997 3490 1047 3545 τδν
1061 3490 1132 3559 ίορδ.

119 3564 250 3634 ποταμὸν
269 3564 351 3617 κάκεῖ
362 3565 563 3635 βαπτισθῆναι.
591 3563 641 3618 τὸν
661 3564 692 3619 δέ
706 3564 842 3618 PMosch.
858 3596 892 3603 -
912 3568 928 3617 ⁹
947 3562 1027 3628 ἄξιον
1045 3560 1132 3615 αὐτόν

120 3634 287 3705 ὑπάρχοντα
309 3650 360 3689 om.
379 3634 515 3690 PMosoh.
540 3666 575 3675 —
599 3640 632 3689 10
651 3633 806 3699 είκότως-
819 3640 851 3689 19
870 3631 1013 3704 κυρωθείη
1032 3632 1132 3687 σικΡ.

177 3734 323 3787 Georgius
337 3735 494 3777 Monachus
509 3736 543 3777 εδ.
559 3736 586 3775 de
600 3735 667 3776 Boot.
688 3736 719 3775 IL
939 3727 973 3776 30
