2617 3909
89 262 94 270 .
205 201 269 266 766
518 204 705 255 Γυαεσιοε
723 205 907 256 ποσιτιον

203 350 320 428 ἔθαψεν
343 350 416 414 αὐτὸ
439 360 474 435 τῇ
493 360 540 435 γῇ.
581 360 668 413 τοῦτο
692 349 766 412 ἰδὼν
789 351 805 414 δ
824 353 906 414 κύων
929 351 980 414 καὶ
1003 351 1236 431 ἀποδεξάμενος

202 447 365 529 ἠκολούθει
387 455 427 534 τῷ
444 449 581 525 θάψαντι
603 449 746 529 εὐνοϊκὴν
770 451 907 512 δουλείαν
930 450 1009 534 αὐτῷ
1030 449 1232 531 ἀποπληρῶν.

203 538 242 626 ήν
265 545 297 608 δὲ
320 548 353 610 τδ
375 547 557 627 ἐπιτήδευμα
579 558 632 609 τοῦ
655 547 822 628 ἀνθρώπου
845 548 985 627 κάπηλος.
1028 549 1147 622 πάντας
1171 541 1233 610 οὐν

202 645 273 718 τούς
304 646 450 718 εἰσιόντας
485 645 536 706 καί
571 645 703 719 ἐξιόντας
739 647 781 720 είς
813 646 845 708 τὸ
877 646 1071 728 ἐργαστήριον
1108 647 1233 708 ἔσαινεν

176 742 220 806 ιδ
247 744 343 822 κύων,
376 744 471 829 χρόνῳ
502 743 535 805 δέ
561 767 631 806 ποτε
659 743 770 826 συνίβη
798 744 848 806 καὶ
874 743 927 806 τὸν
955 743 1051 823 φονέα
1080 745 1232 824 πιόμενον

202 842 245 914 εἰς
268 842 300 904 τδ
323 847 484 921 καπηλεῖον
512 842 624 904 ἐλθεῖν·
652 840 688 904 δν
716 843 856 924 έπιγνούς
884 841 899 904 δ
922 844 1006 904 κύων
1028 841 1152 904 ὑλάκτει
1180 843 1232 904 καὶ

203 938 336 1018 ἰπεπήδα
358 940 400 1012 εἰς
423 939 455 1001 τὸ
478 940 639 1020 πρόσωπον
662 941 755 1002 αὐτοῦ
778 939 828 1002 καὶ
850 941 995 1002 εἰσελθεῖν
1023 941 1081 1002 οὐκ
1104 942 1154 1002 εἴα
1177 942 1231 1002 τὸν
1282 979 1285 986 .

203 1035 376 1118 άνθρωπον.
417 1048 503 1100 τοῦτο
527 1037 559 1100 δὲ
580 1040 720 1112 πολλάκις
742 1041 900 1120 γινόμενον
923 1040 965 1112 εἰς
988 1037 1131 1116 ὑποψίαν
1156 1045 1229 1101 πολ-

203 1135 273 1208 λσύς
296 1137 384 1197 θείου
406 1137 488 1209 τινδς
509 1137 671 1216 κινήματος
693 1135 812 1220 ήγαγεν.
858 1138 905 1200 διὸ
929 1137 979 1198 καί
1004 1137 1164 1218 συσχεθεὶς
1185 1139 1230 1210 εἰς

165 1254 189 1293 1⁰
203 1234 301 1313 κρίσιν
324 1233 495 1315 παρεδόθη,
523 1233 573 1296 καί
600 1235 633 1297 τδ
656 1233 790 1317 πραχθὲν
814 1233 999 1317 ὁμολογήσας
1027 1235 1100 1314 μετά
1129 1238 1227 1314 πάσης

204 1329 349 1410 ἀληθείας
371 1331 516 1416 ἀνηρίθη.

299 1507 370 1587 [λς’.
403 1510 492 1594 Περὶ
519 1514 801 1574 Κωνσταντίνου
829 1513 912 1574 υίοῦ
940 1508 1131 1595 Εἰρήνης]

271 1635 360 1696 Μετά
388 1635 420 1698 δὲ
443 1635 561 1698 Λέοντα
588 1637 756 1718 ἐβασίλευσε
783 1641 1010 1712 Κωυσταντῖνος
1037 1637 1105 1711 υίὸς
1134 1636 1223 1698 αὐτοῦ

203 1730 252 1810 ἔτη
278 1730 324 1806 ιζ’.
365 1731 415 1812 ἐφ’
436 1728 473 1796 οὐ
491 1734 524 1795 τδ
543 1745 596 1815 τῆς
614 1736 763 1815 εὐσεβείας
785 1735 880 1818 δόγμα
903 1736 1007 1815 ἔλαβεν
1031 1734 1129 1818 ἀρχήν
1154 1758 1223 1814 παρ-

164 1850 190 1890 ιι
204 1831 412 1913 ρησιάζεσθαι,
444 1832 494 1894 καὶ
521 1832 538 1895 δ
565 1832 652 1914 λόγος
679 1843 732 1895 τοῦ
760 1840 836 1894 θεοῦ
864 1835 1082 1912 πλατύνεσθαι,
1115 1832 1168 1895 καί
1193 1833 1224 1893 τὰ
1285 1901 1286 1921 η

104 1958 144 1998 ειε
158 1957 190 1996 ιι.
205 1932 387 2014 μονασιήρια
410 1931 481 2011 μετὰ
499 1932 598 2011 πάσης
620 1931 721 2006 ἀδείας
740 1930 1011 2011 ἀνοικοδομεῖσθαι.
1058 1932 1091 1992 ἕν
1114 1930 1149 1994 δὲ
1167 1939 1223 2003 τοῖς

205 2035 329 2111 μακροῖς
360 2032 463 2110 τείχεσι
490 2039 543 2110 τῆς
573 2026 695 2114 Θρᾴκης
727 2027 890 2111 ἀνθρωπός
917 2053 961 2103 τις
993 2028 1132 2110 ὀρύσσων
1164 2023 1222 2106 εὐρε

205 2127 337 2207 λάρνακα
360 2127 577 2210 γεγραμμένην·
601 2128 729 2207 Χριστὸς
753 2126 849 2207 μέλλει
866 2134 1031 2211 γεννᾶσθαι
1050 2127 1083 2189 ἐκ
1103 2129 1225 2210 Μαρίας
1284 2133 1285 2203 ή

204 2235 258 2304 τῆς
276 2225 442 2306 παρθένου,
463 2225 513 2286 καὶ
532 2227 659 2287 πιστεύω
678 2227 720 2299 εἰς
738 2226 838 2287 αὐτόν.
876 2224 924 2288 ἐπὶ
944 2225 976 2287 δὲ
994 2227 1225 2287 Κωνσταντίνου

169 2349 195 2388 εο
208 2322 258 2384 καί
276 2325 412 2404 Εἰρήνης
435 2334 494 2384 τῶν
514 2324 644 2404 εὐσεβῶν
667 2324 822 2404 βασιλέων,
846 2317 869 2385 ἀι
891 2325 961 2404 ήλιε,
984 2325 1074 2385 πάλιν
1095 2347 1131 2402 με
1152 2323 1225 2400 όψει.

205 2421 255 2482 καὶ
275 2421 374 2501 μέντοι
397 2421 447 2483 καί
466 2432 518 2501 τῆς
536 2423 738 2501 πανευῳήμου
763 2423 911 2502 μάρτυρος
930 2422 1098 2501 Εὐφημίας
1119 2422 1152 2482 τδ
1172 2423 1224 2482 λεί-
1283 2451 1284 2485 ι

205 2535 307 2596 ψανον
334 2517 546 2603 προβυθισθὲν
572 2519 605 2581 ἰν
632 2528 668 2604 τῇ
697 2520 835 2604 θαλάσση
866 2520 923 2581 σὺν
950 2530 985 2605 τῇ
1015 2520 1141 2599 λάρνακι
1170 2518 1224 2580 ὐπὸ

205 2627 259 2678 τοῦ
281 2620 431 2701 τυράννου
454 2617 504 2679 καὶ
527 2620 667 2700 μισαγίου
690 2616 802 2700 εὑρέθη
826 2617 859 2679 ἰν
882 2627 917 2702 τῇ
937 2617 1044 2702 Λέσβῳ
1069 2618 1154 2703 νήσῳ
1179 2617 1223 2678 δαὶ

206 2726 380 2798 νυκτερινῆς
403 2714 517 2795 ὄψεως,
542 2715 592 2776 καί
615 2713 819 2794 ἀνακομισθὲν
844 2715 915 2795 μετὰ
937 2725 990 2795 τῆς
1014 2716 1222 2796 προσηκούσης
1282 2723 1283 2767 ἰ

247 2885 383 3004 43194330
401 2881 436 2946 cf.
451 2877 576 2947 Theoph.
589 2895 617 2945 p.
634 2883 695 2943 εει,
711 2882 735 2931 s.
757 2910 789 2919 -
809 2883 915 2946 21-p.
932 2881 1024 2944 σθαι
1042 2878 1078 2944 cf.
1098 2876 1222 2946 Theoph.
1281 2917 1282 2958 ,

203 2969 230 3019 1⁰·
302 2993 366 3017 ⁹·
1281 2961 1282 3049 ι

278 3100 291 3146 1
313 3093 466 3161 έθάμνισεν
485 3095 576 3162 (ησεν
594 3091 628 3161 Ε)
646 3091 730 3144 AEL.
751 3124 786 3132 -
811 3093 841 3147 ἐν
860 3099 893 3162 τῇ
913 3098 947 3161 γῇ
968 3090 1029 3143 ΒΝ.
1055 3123 1089 3130 -
1114 3093 1223 3162 θαύτῳ

205 3162 336 3219 δουλείαν
355 3165 377 3217 L
400 3165 476 3235 αὐτῷ
496 3181 545 3218 om.
567 3163 603 3216 Μ.
630 3196 662 3202 »-
687 3169 703 3216 4
723 3164 816 3218 ίσενεν
835 3162 916 3217 ΛΟΜ
939 3160 1117 3228 περιίσαινεν
1136 3162 1171 3218 V.
1194 3195 1223 3202 -

206 3241 221 3288 ό
241 3233 396 3303 ἀπτόμενον
412 3235 432 3290 C
451 3232 590 3304 πιόμεραν
604 3234 627 3287 Β
641 3252 692 3288 ονε.
707 3235 744 3288 Μ.
760 3267 794 3275 -
809 3240 826 3288 8
840 3243 921 3288 τοῦτο
933 3266 965 3272 -
977 3231 1130 3301 γενόμενον
1146 3232 1223 3287 01)ss

205 3307 306 3358 τούτου
317 3304 513 3374 -γενομένου
532 3306 569 3359 Μ.
586 3337 619 3346 -
640 3313 673 3358 14
688 3308 775 3360 αὐτοῦ
790 3307 838 3360 καὶ
853 3305 960 3373 Εἰρήνη
976 3305 1022 3373 ἔτη
1041 3303 1076 3368 ιζ’
1093 3303 1119 3358 V
1138 3307 1222 3360 αὐτοῦ

207 3375 252 3442 ἔτη
278 3374 299 3427 ι’
325 3378 384 3444 (εἰσ)
412 3377 465 3430 σύν
492 3384 526 3446 τῇ
554 3377 637 3445 μητρὶ
666 3374 762 3446 εἰρήνη
787 3377 819 3430 Β.
849 3408 881 3415 -
916 3381 949 3428 20
973 3375 1178 3446 εὐσεβεστάτων
1201 3376 1223 3428 V
1279 3423 1280 3428 ,

206 3461 256 3496 ιιι.
277 3444 338 3496 BR.
363 3476 397 3484 -
422 3465 454 3512 με
478 3445 544 3514 ιψιι
567 3446 637 3518 (ειη
658 3445 717 3516 ΑΕ)
737 3431 970 3516 λούσειεορυ.
996 3445 1063 3516 ιψιι
1086 3448 1138 3514 (ιιι
1157 3447 1223 3518 Bw)

207 3533 240 3579 με
257 3513 318 3566 1011.
339 3544 371 3551 —
392 3520 425 3564 23
444 3517 491 3585 τῇ]
510 3535 539 3568 τε
558 3516 587 3568 Μ
606 3534 656 3570 om.
673 3518 704 3571 D.
729 3550 761 3558 -
786 3517 958 3588 λεσβονήσσυ
977 3519 1002 3571 Α
1025 3517 1183 3584 λευκονήσω
1203 3519 1222 3570 Β

207 3581 363 3651 λεσβονήνω
382 3582 413 3634 G.
