2617 3909
521 213 711 263 XPONIKON
1025 186 1027 192 ’
1049 211 1110 273 797

87 360 183 432 ε’άσας
205 354 270 421 κατ’
291 360 390 421 αὐτῶν
417 367 528 421 θᾶττον
556 359 651 444 ᾤχετο.
697 357 750 433 οὓς
774 359 811 438 δὴ
835 359 885 420 καὶ
908 360 1113 439 μαχησόμενος

88 456 144 517 καί
171 457 300 531 πολλοὺς
316 450 427 520 ἀὐτῶν
457 459 637 540 διαφθείρας
668 459 709 531 είς
734 451 980 537 Ἀρκαδιοόπολιν
1008 457 1113 518 ἑαυτὸν

88 555 283 632 ἀσφαλίζεται
315 547 411 635 δῆθεν
443 555 498 634 τὴν
530 555 603 616 κατὰ
634 557 800 637 πρόσβασιν
833 554 993 616 ἀσθένειαν
1020 556 1113 616 αὐτοῦ

88 652 143 713 καί
167 653 323 716 ἐλάττωσιν
346 653 549 734 ὑφορώμενος.
587 653 662 715 ὅθεν
685 655 717 714 οί
737 653 803 735 περὶ
822 653 914 714 αὐτὸν
937 654 1113 732 αἰσθόμενοι
1127 677 1166 716 699
1180 675 1211 714 M.

89 750 276 834 σαφέστερον
303 753 358 831 την
385 775 415 812 τε
443 753 545 832 δεινὴν
574 753 687 813 οἰκείαν
715 751 832 831 ἀπάτην
864 751 913 812 καὶ
946 761 998 830 τῆς
1025 761 1113 830 κενῆς
1141 773 1152 812 ι
1184 789 1188 800 .

89 849 213 924 ἐλπίδος
241 849 404 930 ἀποτυχίαν
431 849 481 910 καί
509 849 563 927 τὴν
591 850 707 912 ἐκείνου
734 851 954 930 πλησιάζουσαν
981 854 1113 910 πανωλε-

90 948 188 1027 θρίαν
214 945 341 1028 ἤρξαντο
370 947 443 1008 κατά
471 947 577 1028 μικρὸν
604 947 770 1028 ὑποχωρεῖν
799 947 849 1008 καὶ
877 945 1032 1028 δπορρίειν
1064 946 1113 1006 καί

90 1047 326 1124 καταλιμπάνειν
340 1045 432 1107 αὐτὸν
446 1043 487 1118 ὡς
500 1047 625 1125 μάταιον
643 1045 694 1106 καί
708 1046 884 1106 λαοπλάνον.
916 1042 931 1105 δ
947 1043 978 1106 δὲ
990 1045 1113 1124 Μιχαὴλ

91 1152 186 1204 ταῦτα
210 1143 391 1223 μεμαθηκὼς
414 1144 519 1205 αὐτίκα
541 1153 595 1223 της
612 1143 726 1217 πόλεως
749 1142 920 1217 ὑπεξελθὼν
945 1142 1015 1221 μετὰ
1033 1145 1113 1203 πλεί-

92 1259 166 1320 στης
189 1242 343 1321 δυνάμεως
365 1242 440 1324 πρὸς
463 1242 554 1303 αὐτὸν
578 1241 760 1323 ἐξώρμησεν,
783 1240 833 1302 καί
856 1241 895 1319 δη
918 1243 1113 1321 περικαθίσας
1128 1263 1153 1301 ιο

92 1340 209 1419 βραχύν
231 1363 297 1400 τινα
325 1339 430 1422 καιρὸν
457 1339 507 1400 καὶ
533 1349 640 1400 τοῦτον
668 1338 793 1420 ἀμογητὶ
820 1340 1047 1419 χειρωσάμενος,
1077 1331 1113 1399 οδ

92 1436 220 1499 καὶτὸν
243 1438 387 1517 τράχηλον
413 1437 488 1498 κατά
514 1437 569 1515 τὴν
591 1437 717 1518 ἀρχαίαν
744 1437 911 1514 συνήθειαν
938 1435 1114 1514 πεπονηκὼς

93 1534 145 1596 καί
168 1534 391 1616 ἀκρωτηριάσας
413 1535 506 1596 αὐτοῦ
530 1541 627 1617 χεῖρας
657 1535 707 1596 καὶ
730 1535 825 1608 πόδας
851 1535 901 1596 καὶ
925 1535 1018 1608 οὕτως
1041 1533 1114 1595 ἀνα-

93 1634 274 1706 σκολοπίσας
301 1631 463 1693 κατέπαυσε
490 1633 542 1694 τὸν
568 1633 601 1694 ἕν
628 1633 722 1713 τρισὶν
750 1633 823 1695 ἔτεσι
850 1629 890 1694 δι’
918 1633 1011 1694 αὐτοῦ
1043 1657 1105 1694 κατ-

94 1731 225 1810 άρξαντα
254 1729 304 1790 καὶ
330 1729 524 1813 διαρκέσοντα
550 1731 677 1811 χαλεπὸν
707 1731 756 1792 καὶ
780 1732 936 1792 δύσοιστον
965 1733 1113 1810 ἐμφύλιον
1128 1753 1153 1792 ιτ

94 1828 233 1906 πόλεμον.

387 1933 463 2018 [μγ’.
496 1936 584 2016 Περὶ
615 1936 818 2014 Θεοφίλου]

164 2068 252 2130 Μετά
271 2068 303 2130 δὲ
322 2070 446 2150 Μιχαὴλ
465 2071 631 2150 ἐβασίλευσε
653 2069 799 2146 Θεόφιλος
817 2068 883 2141 υίὸς
902 2067 994 2129 αὐτοῦ
1014 2066 1029 2128 ὁ
1048 2068 1114 2142 νέος

96 2167 251 2248 Βαλτάσαρ
273 2167 324 2228 καλ
344 2167 489 2246 θεομισὴς
512 2166 639 2227 καὶτῶν
658 2165 751 2248 ἀγίων
775 2164 916 2245 ὑβριστὴς
938 2166 988 2226 καί
1006 2172 1113 2226 καθαι-
1128 2181 1167 2220 7⁰0
1181 2179 1213 2220 Μ.

97 2264 182 2345 ρίτης
202 2263 251 2325 καί
269 2265 395 2345 βέβηλος
414 2265 462 2344 ἔτη
482 2263 527 2345 ιβ’
546 2274 643 2343 μῆνας
664 2261 705 2346 γ’,
728 2262 778 2324 καί
796 2262 929 2324 ἀπέθανε
949 2266 1114 2344 δυσεντερι-
1128 2287 1154 2326 ιο

97 2372 164 2436 κῶς.
210 2358 260 2440 ἐφ’
282 2357 319 2424 οδ
346 2362 396 2424 καί
418 2362 493 2443 πρὸς
516 2363 571 2441 την
594 2363 721 2443 πατρίδα
748 2359 798 2421 καί
826 2360 912 2422 πόλιν
939 2370 992 2421 τοῦ
1015 2360 1114 2441 ἀλιτη-
1129 2386 1167 2426 τοι
1184 2385 1212 2424 κ.
1297 2443 1298 2446 ρ

98 2463 163 2542 ρίου
195 2461 245 2522 καὶ
276 2463 425 2543 τυράννου
458 2459 529 2540 μετά
560 2465 671 2540 πολλῆς
698 2461 853 2539 δυνάμεως
885 2461 917 2521 ot
941 2459 1115 2541 Σαρακηνοί

98 2559 330 2640 παραγενόμενοι
357 2569 503 2641 καρτερῶς
531 2556 731 2639 ὠχυρωμένην
761 2551 849 2638 εὗρον
880 2556 930 2618 καί
962 2575 1114 2636 κατησφα-

99 2655 238 2736 λισμίνην
261 2658 342 2718 πάνυ
366 2657 416 2718 καί
438 2656 497 2719 ὑπὸ
517 2666 688 2738 στρατηγῶν
711 2654 786 2717 όκτδ)
811 2655 881 2735 μετὰ
901 2666 960 2717 τῶν
979 2657 1114 2737 λογάδων

99 2755 197 2816 αὐτῶν
214 2754 265 2816 καλ
284 2756 507 2837 στρατευμάτων
525 2753 765 2835 φρουρουμένην.
797 2754 847 2814 καὶ
861 2755 971 2834 ταύτην
986 2749 1026 2814 δι’
1043 2751 1114 2832 ἡμε-
1129 2776 1154 2816 τι

100 2863 160 2933 ρῶν
182 2851 221 2914 ιε’
238 2864 292 2915 τοῦ
310 2853 487 2934 Αὐγούστου
511 2853 606 2933 μηνὸς
628 2853 869 2932 ἐκπορθησαντες
891 2851 941 2913 καλ
964 2853 1114 2934 δορυάλω-

100 2975 151 3011 τον
169 2951 332 3029 εἰληφότες,
350 2947 562 3037 ᾐχμαλωτίσθη
580 2950 630 3011 καί
648 2949 784 3034 ἀνηρίθη
804 2960 978 3031 χριστιανῶν
996 2955 1115 3028 πλῆθος

172 3174 185 3220 1
206 3169 254 3220 καλ
274 3184 324 3221 σοι.
339 3168 372 3221 A.
388 3201 421 3207 —
441 3168 632 3239 μαχεσάμενος
646 3167 711 3220 Exc.
730 3199 762 3206 -
783 3173 799 3219 6
817 3163 1013 3233 παυολεθρίαν
1031 3165 1114 3218 LNV.

103 3271 135 3279 -
159 3245 173 3292 ’λ
198 3238 329 3306 ἀπορέειν
352 3239 435 3292 ALN.
463 3272 497 3279 —
525 3241 607 3306 ὑπορ.
629 3237 887 3306 καταλιμπάνοντες
914 3239 1001 3292 αὐτὸν
1024 3237 1056 3290 Α.
1080 3269 1115 3276 -

102 3317 118 3364 8
136 3310 167 3365 δὲ
180 3310 232 3363 ΑΝ
241 3310 307 3364 Εεο.
327 3309 360 3365 δέ
377 3331 408 3379 γε
425 3310 486 3364 rell.
501 3343 535 3350 —
551 3316 567 3363 9
585 3319 674 3363 ταῦτα
690 3309 794 3362 OLNR
803 3309 867 3363 Exc.
888 3309 935 3362 καί
953 3317 1041 3362 ταῦτα
1055 3308 1113 3361 AV.

102 3414 136 3420 —
151 3387 183 3434 10
197 3381 394 3448 περιπαθήσας
404 3381 558 3435 AGMExc.
575 3380 786 3448 παρακαθήσας
799 3381 828 3433 L.
843 3412 879 3420 -
895 3386 926 3433 12
942 3379 1067 3450 ἀρχήθεν
1081 3379 1114 3432 A.

103 3484 135 3492 -
151 3459 183 3506 15
202 3455 251 3506 καλ
265 3461 329 3508 ante
343 3453 491 3507 δόσοιστον
507 3470 558 3507 ουι.
573 3451 659 3506 ONV.
675 3485 709 3491 -
729 3457 763 3505 20
782 3453 831 3506 καλ
845 3457 936 3520 μῆνας
953 3451 1008 3504 AL.
1025 3482 1057 3490 -
1072 3449 1114 3504 τί·

101 3528 190 3593 θνηκε
204 3525 236 3577 A.
248 3556 284 3564 -
298 3522 492 3590 δυσεντερικός
505 3525 562 3576 LN.
574 3555 608 3563 -—
623 3529 657 3576 23
673 3522 853 3594 ὀχυρωμίνην
866 3521 952 3576 ANV.
964 3554 996 3562 -
1012 3527 1046 3575 26
1061 3525 1114 3576 δω-

103 3595 243 3662 ρυάλωτον
261 3596 317 3648 ΑΜ
340 3595 511 3662 δοριάλωτον
530 3595 558 3648 C.
578 3627 612 3635 -—
632 3601 664 3648 27
685 3592 896 3667 αἰχμαλωτίσθη
914 3593 947 3647 A.
