2617 3909
176 153 240 217 784
486 154 674 204 rnnpmon
692 154 875 204 nonnxon

173 301 267 362 πολλὰ
289 300 339 362 καλ
362 302 470 379 μάταια
495 300 570 360 κατὰ
591 310 644 379 τής
667 299 811 379 ἀληθείας
833 302 1031 382 κενολογήσας
1055 307 1202 381 καθαιρεῖ

174 410 273 460 πᾶσαν
296 399 378 479 ίεράν
400 409 453 478 τῆς
476 397 718 477 ἐκκλησιαστικαῖς
741 391 963 476 Ῡάναστήλωσιν
987 401 1066 476 μίσει
1088 406 1131 483 τῷ
1155 402 1196 473 εἰς

174 497 304 579 Χριστὸν
326 495 376 557 καλ
398 496 468 569 τοὺς
487 497 579 558 αὐτοῦ
598 497 796 576 θεράποντας,
820 497 921 577 ἐπειδή
940 497 1036 578 βαρὺς
1060 490 1100 576 ήν
1120 497 1199 581 αὐτῷ

174 595 301 676 Χριστός
323 594 373 655 καλ
391 594 424 656 ἐν
442 593 535 656 είκόσι
553 595 734 674 βλεπόμενος
754 594 803 655 καὶ
822 594 871 656 ἐπὶ
890 596 1009 674 μνήμης
1029 595 1196 674 φερόμενος

146 693 224 755 ικαὶ
247 695 279 754 οί
298 693 406 754 τοότου
429 693 512 769 φίλοι
534 716 563 753 τε
587 691 636 752 καί
661 693 771 753 δοῦλοι.

242 792 297 853 Διδ
326 789 364 869 δή
392 789 442 851 καλ
469 789 656 869 ἀνοηταίνων
688 792 882 870 κατεφλυάρει
914 801 1014 851 πᾶσαν
1042 792 1195 869 εἰκονικήν

174 889 378 967 ἀναστήλωσιν
402 887 571 968 ἀπόβλητον
590 882 666 948 είναι
685 897 719 972 τῇ
737 890 807 972 θείη
825 898 927 972 γραφή
947 887 997 948 καί
1011 889 1080 948 λίαν
1099 889 1195 970 ἀγνώ-

174 1005 282 1068 ριστον.
328 988 357 1046 τί
381 978 437 1047 οὖν
464 985 539 1067 πρὸς
565 995 657 1046 ταῦτα
685 985 790 1064 φήσειέ
811 1010 869 1060 τις;
899 987 942 1047 ότι
971 987 1064 1063 σοφία
1093 998 1194 1069 μωροῦ

174 1084 369 1159 ἀδιεξέταστοι
388 1084 479 1165 λόγοι,
497 1085 560 1145 καί·
581 1083 596 1146 δ
616 1083 715 1166 μωρὸς
734 1083 818 1163 μωρὰ
836 1084 963 1162 λαλήσει.
996 1083 1124 1164 ἀμαθής
1141 1085 1193 1166 γὰρ

135 1205 161 1244 ιο
174 1183 292 1265 σφόδρα
319 1182 370 1243 καλ
394 1182 529 1264 ληρώδης
552 1180 694 1262 ὑπάρχων
721 1181 777 1242 οάκ
799 1178 865 1268 ᾔδει
887 1182 1006 1254 πάντως
1031 1182 1067 1242 τὰ
1091 1184 1192 1263 χρυσό-

174 1304 279 1343 τευκτα
305 1281 403 1342 ἐκεῖνα
429 1281 584 1360 χερονβίμ,
612 1280 686 1357 ἀπερ
710 1278 726 1341 δ
750 1280 928 1359 ἱεροφάντης
951 1283 1093 1360 Μωυσῆς
1121 1287 1192 1342 θεοῦ

75 1402 114 1441 εεε
130 1401 161 1441 ιι.
175 1379 402 1459 προστεταχότος
424 1377 606 1456 ἐτεκτήνατο,
629 1376 679 1437 καλ
703 1374 722 1455 ή
746 1376 855 1437 παλαιὰ
878 1376 928 1437 καί
946 1377 1075 1456 ἔννομος
1097 1381 1190 1458 σκηνή

174 1478 369 1557 καθύπερθεν
392 1487 445 1556 τῆς
468 1478 596 1556 κιβωτοῦ
624 1475 743 1556 ἔφερεν,
771 1473 791 1534 ἀ
815 1476 852 1554 δή
877 1475 912 1536 οὐ
936 1475 1017 1558 παρά
1038 1471 1191 1549 Ἰουδαίοις

175 1575 269 1653 μόνον
298 1573 470 1653 δεδόξαστο,
498 1571 571 1633 ἀλλά
598 1572 649 1633 καλ
676 1583 731 1653 τῆς
751 1574 867 1653 χάριτος
894 1572 910 1635 δ
934 1574 1029 1655 κήρυξ
1052 1575 1190 1657 χερουβλμ

135 1696 161 1735 15
176 1673 266 1751 δόξης
293 1671 440 1733 ἀποκαλεῖ
462 1682 566 1749 σαφῶς
588 1669 655 1749 ήτοι
683 1671 718 1732 τά
742 1669 948 1750 δεδοξασμίνα.
994 1671 1037 1732 ἔτι
1060 1673 1123 1751 μήν
1146 1672 1190 1732 καλ

175 1769 231 1830 όσα
249 1765 268 1848 ή
288 1775 483 1849 Σολομῶντος
501 1769 693 1830 κατεσκεύασε
712 1770 814 1847 σοφία,
838 1775 876 1852 τῷ
894 1771 1043 1855 θεσπεσίη)
1060 1766 1188 1849 ’ίεζεκιήλ

175 1861 280 1947 ὦπται,
304 1867 354 1928 καλ
372 1868 403 1928 εί
415 1891 443 1927 τι
465 1876 600 1927 τοιοῦτον
624 1865 698 1927 κατὰ
721 1865 772 1940 τὰς
795 1865 874 1949 ίεράς
897 1868 1020 1947 βίβλους
1045 1869 1190 1948 ἱστόρηται

174 1965 226 2027 καλ
244 1967 401 2045 τετίμηται,
420 1965 494 2046 ἀπερ
513 1965 550 2026 οὐ
569 1963 712 2045 πέφρικεν
731 1962 747 2025 ό
762 1962 886 2044 βέβηλος
904 1963 937 2025 ίν
955 1964 1089 2025 εἰδώλων
1109 1968 1189 2048 μοίρᾳ

175 2070 286 2143 θεῖναι,
317 2061 357 2136 ὡς
380 2062 499 2124 ἀθετεῖν
523 2067 632 2141 μᾶλλον
656 2060 676 2142 ή
700 2063 875 2143 προσίεσθαι
898 2059 950 2132 τὰς
973 2062 1190 2134 θεοπνεύστονς

134 2187 161 2226 ιο
174 2161 292 2244 φραφάς
319 2161 529 2243 προελόμενος·
558 2160 587 2233 ἐξ
616 2152 659 2220 ὧν
686 2157 792 2221 λοιπὸν
819 2156 868 2217 καλ
890 2153 1045 2219 Ἰουδαίων
1074 2158 1191 2220 ἀπιστό·
1275 2199 1276 2232 τ

174 2283 257 2342 τερος
280 2259 330 2320 καί
353 2257 607 2339 ἀγνωμονέστερος
629 2257 749 2330 εἰκότως
771 2257 930 2334 νομισθείη
958 2255 1014 2316 σὺν
1038 2261 1102 2330 τοῖς
1124 2256 1191 2335 ὁμό-

175 2376 285 2439 φροσιν
308 2357 409 2418 αὐτοῦ.
451 2354 518 2428 ἀξια
540 2355 597 2437 γὰρ
620 2353 661 2428 ὡς
682 2354 804 2435 ἀληθῶς
825 2363 878 2433 τῆς
901 2353 1015 2415 ἑαυτῶν
1038 2356 1192 2436 βδελυρίας

175 2456 311 2528 ἀπιστίας
329 2478 358 2515 τε
376 2454 427 2515 καί
445 2453 565 2534 ἀλογίας
583 2454 787 2534 φρονήσαντες
804 2452 854 2513 καλ
872 2453 1109 2530 ἐκφωνήσαντες.
1146 2453 1192 2513 καί

174 2554 230 2637 γὰρ
247 2560 287 2637 τῷ
303 2558 422 2637 Χριστῷ
444 2551 603 2612 κάνταῦθα
622 2561 788 2633 προφανῶς
806 2549 1018 2630 ἀπομάχονται,
1042 2547 1076 2624 δς
1096 2551 1192 2631 λαβὼν
1275 2571 1276 2634 ᾗ

247 2785 262 2832 8
282 2779 334 2832 Sir.
350 2785 392 2843 21,
410 2783 451 2831 18.
471 2810 505 2817 —
525 2783 541 2829 9
560 2776 615 2830 Jes.
632 2782 675 2842 32,
691 2782 714 2830 6.
734 2808 768 2815 -
790 2783 822 2829 14
841 2775 924 2828 Hebr.
940 2779 965 2842 9,
981 2781 1005 2828 5.

248 2973 262 3019 1
282 2963 418 3032 καθαίρει
436 2963 542 3016 AOLR.
567 2996 601 3003 —
626 2970 641 3016 2
661 2970 709 3030 τῆς
733 2963 958 3032 ἑκκλησιαστικής
976 2961 1052 3016 ΑΟΙ)
1076 2971 1128 3031 τῆς
1151 2963 1190 3016 ἐκ·

175 3035 289 3107 κλησίας
299 3037 329 3089 Μ
347 3044 397 3105 τῆς
412 3036 636 3104 ἐκκλησιαστικής
649 3033 844 3094 καταστάσεως
855 3033 880 3086 R
899 3033 1129 3103 ἐκκλησιαστικὴν
1138 3033 1190 3087 LV.

176 3141 209 3148 —
229 3108 342 3178 μισητδς
356 3109 396 3170 είς
409 3107 521 3178 χριστὸν
535 3109 561 3160 Α
579 3115 699 3174 μισεῖται
713 3105 825 3176 χριστὸν
840 3104 864 3158 G
882 3114 957 3174 μισεῖ
968 3104 1018 3158 τὸν
1031 3106 1146 3174 χριστὸν
1160 3106 1189 3158 R.

176 3213 209 3220 —
231 3187 248 3232 4
267 3179 354 3234 εἰκόσι
373 3180 424 3233 AV
447 3176 535 3232 εἰκόνι
557 3177 617 3230 rell.
643 3209 677 3216 —
701 3175 855 3246 φερόμενος
878 3175 924 3230 CV
947 3174 1151 3244 ἐπιφερόμενος
1169 3176 1191 3228 R

177 3251 325 3322 ἐρχόμενος
342 3250 401 3303 ΑΝ.
423 3250 456 3288 έ-
482 3255 497 3303 8
517 3247 535 3316 ἢ
554 3247 596 3303 ότι
614 3250 646 3301 Α.
668 3281 700 3286 -
721 3247 809 3315 σοφία
828 3257 921 3316 μωροῦ
939 3247 989 3300 AV
1015 3246 1102 3314 σοφία
1120 3252 1190 3302 θεοῦ

177 3324 236 3389 (τοῦ
259 3324 331 3373 θεοῦ
354 3320 394 3387 Μ)
418 3319 471 3372 ΟΝ
492 3327 526 3388 τῇ
551 3317 637 3387 σοφία
660 3322 732 3372 θεοῦ
751 3318 783 3370 R.
808 3351 841 3359 -
868 3324 899 3370 16
922 3318 953 3388 ή]
977 3317 1067 3371 δῦίλ
1089 3318 1190 3386 ήαι.1

176 3407 210 3443 ex
228 3390 243 3442 ὁ
262 3391 299 3442 Μ.
316 3421 349 3428 -
370 3395 402 3441 19
419 3387 588 3456 προσίεσθαι
602 3374 652 3441 LN
675 3389 745 3456 πρὸς
764 3388 876 3442 οίεσθαι
892 3390 917 3442 A
934 3386 1088 3455 προίεσθαι
1107 3387 1189 3442 GRV.

178 3491 208 3497 -
231 3465 264 3511 22
284 3459 322 3520 ὡς
339 3475 389 3512 om.
405 3460 430 3510 A
448 3459 485 3520 ὡς
502 3461 617 3528 ἀληθῶς
635 3477 686 3513 om.
701 3459 730 3510 M
749 3466 774 3513 et
791 3476 861 3513 neco.
879 3459 1014 3512 nonnulli.
1035 3490 1070 3500 -
1089 3466 1123 3512 23
1143 3461 1189 3512 καὶ

178 3527 400 3594 ἐκφρονήσαντες
418 3531 443 3580 Α
461 3544 512 3581 om.
528 3528 585 3583 OD.
