2617 3909
182 225 249 289 684
494 226 681 279 ΓΕΩΡΓΙΟΤ
698 225 880 279 ΜΟΝΑΧΟΤ

183 378 294 453 μᾶλλον
313 374 364 436 καλ
386 384 571 456 χειραγωγῶν
588 383 641 436 τοῦ
662 374 805 435 διασῶσαι
822 372 873 434 καλ
895 382 1020 455 περᾶσαι
1037 372 1089 446 τδις
1109 371 1212 455 ἀρχάς

182 471 232 533 καλ
255 472 306 546 τὰς
328 472 463 546 ἐξουσίας
483 471 533 533 καλ
555 472 625 546 τοὺς
643 469 803 545 δδοστάτας
825 481 877 533 τοῦ
901 469 986 552 ἀέρος
1009 469 1059 532 καλ
1082 471 1208 532 δικολόα

182 593 264 652 γους,
287 569 342 644 οδς
361 571 488 644 τελώνας
509 569 560 632 καλ
582 571 768 652 φορολόγους
790 565 810 649 ἡ
833 570 903 631 θεία
926 567 1027 650 γραφή
1050 585 1209 650 προσαγο-

84 691 123 732 ιτι
137 689 168 730 ιτ,
182 669 268 751 ρεόει.
312 668 360 729 διδ
383 667 421 747 δή
444 669 670 750 προφθάσωμεν
692 667 749 750 πρὸ
772 677 826 730 τοῦ
849 673 1031 747 φθασθῆναι
1053 665 1105 728 καλ
1129 668 1207 747 δρά-

142 789 155 830 σ
183 788 284 845 μωμεν
309 766 368 849 πρὸ
394 775 448 829 τοῦ
475 770 717 846 καταληφθῆναι.
763 765 779 828 δ
802 765 857 848 γδιρ
881 767 947 846 βίος
969 764 1095 848 βραχύς,
1124 761 1145 844 ή
1172 762 1208 826 δὲ

182 865 277 944 κρίσις
298 864 405 946 μακρά,
424 863 456 926 τὸ
480 863 512 926 δὲ
534 863 614 938 τέλος
631 863 728 946 ἐγγύς,
751 862 801 924 καί
824 860 840 924 ὁ
863 864 960 943 φόβος
982 863 1085 943 πολύς,
1108 861 1162 923 καὶ
1188 861 1208 925 ὅ

182 961 262 1022 λύων
289 961 395 1035 οὐδείς.
440 960 586 1040 ἐννόησον
612 961 754 1044 γάρπῶς
777 961 851 1022 εἰσιν
878 962 913 1022 αι’
932 960 965 1022 έν
993 956 1069 1046 ᾅδου
1091 961 1207 1042 ψυχαί,

183 1058 258 1121 διότι
284 1059 511 1141 κατεφρόνησαν
537 1069 590 1121 τοῦ
618 1059 718 1140 φόβου
740 1058 791 1120 καλ
817 1068 870 1138 τῆς
892 1059 1012 1139 ἐντολῆς
1035 1067 1088 1121 τοῦ
1111 1065 1207 1140 θεοῦ,

183 1167 289 1238 μικρᾶς
315 1156 441 1232 ἀνέσεως
467 1163 691 1238 παρακαλοῦσαι
716 1163 814 1238 τυχεῖν
840 1156 890 1218 καλ
920 1158 961 1237 μή
988 1157 1206 1239 τυγχάνουσαι,

141 1278 168 1319 ιο
181 1249 244 1316 ἀλλ’
266 1256 310 1330 είς
335 1255 371 1317 τά
397 1255 581 1336 καταχθόνια
606 1265 660 1335 τῆς
686 1264 742 1336 γῆς
769 1261 940 1336 θρηνοῦσαι
965 1255 1017 1330 τδις
1044 1255 1205 1340 ῥᾳθυμίας

180 1352 231 1414 καὶ
258 1352 310 1428 τὰς
336 1354 452 1436 τρυφὰς
478 1351 529 1415 καλ
557 1353 609 1427 τὰς
635 1354 775 1433 πορνείας
802 1352 901 1415 αὐτῶν
932 1353 982 1414 ιιαλ
1014 1353 1066 1427 τδις
1093 1353 1206 1428 λοιπὰς

180 1453 360 1535 κακουργίας
377 1451 509 1532 ἀνόνητα
528 1461 722 1532 μετανοοῦσιν
744 1447 793 1530 ἐφ’
815 1445 860 1525 οἷς
882 1460 980 1525 κακῶς
1002 1451 1204 1533 διεπράξαντο

180 1549 231 1611 καλ
252 1556 420 1612 πενθοῦσιν
442 1548 662 1631 άπαρηγόρητα.
704 1549 754 1611 διά
776 1571 821 1611 τοι
842 1558 930 1611 τοῦτο
949 1549 1072 1627 μάλιστα
1089 1549 1204 1622 πάντες

181 1649 377 1727 μακαρίζομεν
394 1647 465 1720 τοὺς
482 1648 617 1721 δικαίους
634 1645 685 1708 καί
703 1647 773 1720 τοὺς
791 1647 919 1726 νηπίους
936 1645 1203 1728 ἀποθνήσκοντας,

142 1767 167 1808 ιο
181 1743 281 1823 ἐπειδή
314 1743 346 1805 τό
375 1738 446 1825 παρ’
471 1741 546 1823 ήμῖν
576 1754 630 1805 τοῦ
662 1745 798 1807 θανάτου
828 1745 972 1826 ποτήριον
1004 1743 1203 1806 ἐπικίνδυνον

179 1835 250 1922 παρ’
266 1840 389 1916 ἐκείνοις
411 1841 472 1903 έστλ
489 1843 645 1925 σωτήρων,
668 1841 718 1904 καλ
739 1842 772 1904 τὸ
790 1841 870 1924 παρὰ
888 1853 961 1903 πᾶσι
979 1842 1105 1925 φρικτὸν
1122 1838 1199 1923 παρ’

177 1937 303 2013 έκείνοις
325 1939 487 2021 ἐπαινετόν,
510 1939 560 2001 καλ
583 1941 654 2023 ὅπερ
674 1938 760 2020 ἡμεῖς
778 1939 881 2021 ἔχομεν
903 1940 946 2014 εἰς
968 1939 1084 2002 έκεῖθεν
1101 1938 1201 2021 ἀρχὴν

179 2039 319 2119 τιμωρίας
345 2032 415 2120 παρ’
437 2038 560 2112 ἐκείνοις
583 2038 661 2100 έστὶν
684 2037 757 2121 ἀρχή
781 2039 940 2119 σωτηρίας,
967 2037 1129 2118 μονονουχὶ
1151 2036 1199 2099 λέ-
1296 2099 1297 2126 1

179 2152 292 2216 γοντες·
315 2133 395 2216 ἡμᾶς
412 2134 528 2218 άγγελοι
551 2137 706 2219 εἰρηνικῶς
729 2136 902 2218 διεχώρισαν
924 2135 957 2198 έιι
974 2145 1028 2198 τοῦ
1051 2135 1199 2217 σώματος,
1296 2155 1297 2164 ’

140 2257 167 2296 το
180 2230 266 2313 ἡμεῖς
285 2233 405 2309 ἀλύπως
427 2234 478 2296 καλ
500 2233 721 2315 ἀνεμποδίστως
740 2233 938 2316 παρήλθομεν
960 2232 1012 2306 τὰς
1032 2232 1123 2316 ἀργὰς
1146 2233 1199 2295 καλ

179 2330 232 2404 τδις
254 2330 389 2406 ἔξουσίας
410 2343 464 2396 τοῦ
486 2330 572 2416 ἀέρος
596 2331 734 2413 ἀγαθοὺς
756 2328 885 2412 ὁδηγοὺς
911 2331 1031 2412 ἔχοντες.
1077 2333 1115 2394 οὐ
1137 2329 1195 2413 γδιρ

180 2421 268 2510 εὗρον
295 2429 327 2490 έν
352 2427 426 2509 ἡμῖν
453 2431 526 2513 άπερ
550 2430 673 2511 ἐζήτουν
695 2428 745 2490 καλ
767 2427 899 2509 ήλπιζον.
945 2424 1027 2492 εἶδον
1050 2429 1197 2510 ἀμίαντον

179 2525 230 2587 καί
251 2527 388 2608 καθαρόν
410 2528 442 2591 τὸ
465 2538 549 2608 σῶμα
571 2527 621 2589 καλ
643 2523 851 2612 ήσχόνθησαν,
875 2522 957 2590 εἶδον
980 2525 1122 2609 ἀφθορον
1145 2526 1196 2589 καὶ

178 2623 316 2705 λαμπράν
341 2625 397 2704 τήν
423 2625 526 2706 ψυχήν
553 2624 604 2695 καλ
631 2624 846 2707 ένετράπησαν,
874 2619 954 2687 εἶδον
981 2625 1036 2705 τήν
1058 2630 1196 2708 γλῶσσαν

138 2745 164 2786 νο
178 2719 303 2783 ἀσπιλον
325 2721 375 2783 καλ
396 2720 506 2786 άδολον
527 2723 578 2785 καλ
599 2723 807 2803 έφιμάθησαν.
853 2723 1047 2806 παρήλθομεν
1070 2722 1121 2784 καί
1144 2723 1193 2784 εδ-

179 2820 330 2898 τελίσαμεν
359 2818 476 2895 αὐτούς.
521 2820 661 2901 διέβημεν
693 2817 733 2883 δι’
760 2821 859 2883 αὐτῶν
890 2819 939 2882 καί
972 2821 1194 2900 κατεψάλλομεν

178 2916 277 2979 αὐτῶν
304 2917 478 2996 φάσκοντες·
511 2916 668 3000 εὐλογητὸς
695 2918 798 3000 κύριος
824 2916 857 2991 ὃς
885 2917 940 2980 οὐκ
972 2919 1082 2980 ἔδωκεν
1113 2915 1192 2998 ἡμᾶς

250 3105 282 3153 οτ
301 3099 405 3155 Paalm.
422 3105 472 3154 τοι
487 3101 569 3169 (124),
584 3106 613 3165 ⁶3
628 3104 652 3153 τ.

251 3250 316 3304 λέν
335 3248 407 3323 ᾅδου
426 3250 498 3305 αίΒ
521 3249 552 3304 αλ
569 3250 717 3305 υνπ.Β.-·
737 3255 771 3303 12
790 3247 898 3318 ἀνόητα
915 3247 1018 3304 Aetv
1036 3253 1105 3303 καθ
1122 3265 1191 3304 corr.

177 3351 213 3359 -
233 3325 266 3372 13
284 3318 387 3383 πάντες
404 3338 454 3376 ουν.
469 3320 527 3376 RV.
547 3353 582 3362 —
602 3327 635 3375 15
653 3319 788 3388 ποτήριον
807 3321 848 3391 (τὸ
867 3339 928 3375 ποτ.
944 3318 975 3389 O)
993 3328 1042 3374 τοῦ
1060 3320 1191 3376 θανάτου

178 3388 263 3443 GRV.
289 3420 322 3429 -
351 3396 383 3443 17
408 3392 447 3453 είς
466 3393 585 3448 έκείθεν
607 3390 795 3446 ADEGPRV
825 3391 865 3454 εἰς
887 3391 939 3460 τήν
962 3391 1072 3446 ἐκεῖθεν
1095 3390 1116 3446 O
1144 3401 1192 3462 τῆς

180 3461 291 3515 έκείθιν
309 3458 331 3511 L
354 3460 465 3516 ἐκεῖθεν
482 3462 513 3516 Β.

233 3605 284 3662 ,19
303 3599 414 3669 ἀγγελοι
432 3618 482 3657 om.
496 3601 526 3656 P.
546 3635 580 3644 -
599 3609 633 3656 22
652 3599 740 3672 ηὗρον
758 3602 789 3659 Ρ.
808 3636 843 3645 -
863 3604 892 3659 ἐν
912 3622 962 3661 om.
977 3604 1007 3660 P.
