2617 3909
175 228 243 292 400
489 230 676 281 ΓΕΩΡῙῚΟΤ
694 230 877 282 MONAXOT

176 375 376 459 ἐξεκέντησαν,
399 373 462 441 ἀλλ’
483 378 526 451 εἰς
548 374 584 439 δν
607 374 804 455 ἐξεκέντησαν.
850 379 880 439 τί
901 376 932 439 δέ
954 378 1044 440 ἐστιν·
1073 378 1115 451 είς
1138 378 1193 455 ὅν;

176 477 301 559 σταυρὸς
333 472 386 559 ήν,
418 479 460 552 εἰς
491 474 527 539 δν
559 474 756 556 ἐξεκέντησαν.
806 477 864 559 πρὸ
895 475 951 558 γὰρ
979 486 1032 557 τῆς
1060 479 1193 557 φοβερᾶς

176 579 341 661 παρουσίας
364 586 416 639 τοῦ
438 576 545 656 κορίον
572 574 709 654 καθάπερ
732 574 885 655 βασιλικὸν
908 580 1031 653 σημεῖον
1053 574 1085 635 τὸ
1108 576 1192 656 λεγό-

177 698 267 756 μενον
291 676 393 755 σίγνον
415 672 489 735 κατὰ
511 671 617 751 κοινήν
639 672 805 751 συνήθειαν
822 671 972 754 προτρέχει
988 682 1042 752 τής
1060 676 1193 754 Χριστοῦ

150 774 341 857 σπαροοσίας
371 770 430 834 ὑπὸ
458 781 516 833 τῶν
539 768 670 852 ἀγγέλων
693 769 888 850 δοξαζόμενον
910 771 961 833 καί
982 776 1190 853 προεοαγγελι-

177 872 308 951 ζόμενον.
344 869 395 931 καί
418 869 582 948 φανήσεται
601 868 617 931 δ
636 869 762 951 σταυρὸς
782 868 830 932 έπί
847 879 900 949 τῆς
917 879 973 951 γῆς
990 868 1190 950 ἀποκρύπτων

177 969 229 1031 τὸν
256 968 341 1047 ήλιον
367 966 418 1029 καί
444 966 604 1047 ἀμβλύνων
632 967 774 1047 σελήνην,
801 967 842 1041 ἀς
865 986 941 1047 φησι
962 968 1012 1030 καλ
1035 965 1051 1028 δ
1074 968 1191 1049 κύριος·

177 1068 240 1131 τότε
263 1066 426 1145 φανήσεται
445 1066 476 1129 τὸ
496 1070 618 1145 σημεῖον
637 1074 690 1126 τοῦ
708 1065 778 1126 οίοῦ
796 1074 849 1126 τοῦ
867 1071 943 1128 θεοῦ
961 1066 994 1127 έν
1012 1071 1052 1151 τῷ
1067 1065 1191 1151 ούρανήι

177 1164 227 1227 καί
250 1165 299 1226 ἵνα
322 1169 469 1249 πληρωθῇ
493 1163 525 1225 τὸ
548 1164 628 1246 ῥῆμα
651 1164 816 1244 Ζαχαρίαν,
843 1162 899 1242 τήν
921 1162 999 1237 λέξιν
1021 1161 1117 1243 αύτήν
1139 1168 1191 1224 λα-

137 1278 163 1319 1⁰
178 1262 241 1344 βάν
260 1260 276 1323 δ
294 1262 421 1344 Χριστὸς
444 1262 604 1343 μετήγαγεν
622 1261 665 1335 εἰς
685 1259 831 1341 ἀλήθειαν
853 1260 957 1343 λέγων’
981 1261 1044 1323 τότε
1062 1260 1192 1340 όψονται

177 1362 219 1435 είς
242 1358 277 1423 δν
302 1358 499 1439 ἐξεκέντησαν.
545 1358 561 1422 ὁ
584 1357 617 1420 δέ
639 1382 671 1440 γε
686 1352 825 1441 Ἱερεμίας
848 1359 958 1439 δμοίως
980 1359 1099 1438 φάσκει·
1123 1360 1192 1422 τάδε

178 1458 254 1541 λέγει
275 1459 378 1539 κύριος
397 1455 413 1518 δ
432 1457 504 1531 θεὸς
519 1451 646 1539 Ἰσραήλ
671 1457 738 1518 ι’δοδ
761 1456 817 1539 ἐγὼ
840 1457 938 1540 ἐπάγω
962 1457 1011 1520 έπί
1028 1457 1081 1520 τδν
1098 1459 1192 1521 τόπον

179 1566 284 1619 τοῦτον
307 1556 393 1636 κακά,
417 1554 488 1616 ὥστε
510 1553 620 1626 παντὸς
642 1552 805 1629 ἀκούοντος
827 1555 903 1617 αὐτὰ
919 1554 1021 1636 ήγήσει
1039 1554 1192 1638 ἀμφότερα

179 1655 214 1715 τὰ
237 1648 296 1716 ὦτα
319 1652 426 1733 αὐτοῦ,
451 1646 523 1713 ἀνθ’
545 1644 588 1713 ὧν
610 1650 797 1733 έγκαιέλιπόν
820 1675 854 1732 με
876 1652 927 1715 καί
948 1652 1193 1736 άπηλλοτρίωσαν
1295 1705 1297 1722 ,

139 1764 165 1806 1⁶
180 1752 231 1814 τὸν
258 1751 350 1815 τόπον
377 1760 497 1830 τοῦτον,
524 1749 574 1811 καί
601 1749 705 1827 σφάξω
732 1749 788 1828 τήν
810 1751 924 1831 βουλήν
943 1746 1041 1814 Ἰούδα
1063 1752 1114 1813 καὶ
1136 1753 1193 1833 τήν
1295 1751 1296 1800 ἕ

77 1866 118 1906 8⁰⁰
132 1864 163 1904 M·
179 1850 293 1931 βουλήν
313 1845 427 1931 Ἰσραήλ
450 1848 483 1910 έν
505 1854 545 1932 τῷ
564 1848 643 1931 τόπῳ
667 1848 760 1933 τούτῳ
783 1848 833 1910 καί
855 1852 1009 1931 καταβαλῶ
1030 1849 1140 1924 αύτούς
1158 1850 1192 1913 έν

179 1957 214 2034 τή
238 1949 365 2032 μαχαίρᾳ
387 1947 522 2010 ἐναντίον
545 1954 604 2007 τῶν
626 1945 743 2027 έγθρῶν
765 1946 865 2008 αύτῶν
882 1947 931 2008 καί
950 1948 1037 2009 δώσω
1055 1948 1125 2023 τούς
1143 1972 1191 2011 νε-

179 2045 270 2128 κρούς
301 2045 400 2107 αὐτῶν
431 2044 473 2117 εἰς
504 2044 616 2124 βρῶσιν
646 2048 709 2116 τοῖς
735 2051 878 2118 πετεινοῖς
903 2055 957 2108 τοῦ
984 2046 1114 2128 ούρανοῦ
1141 2047 1194 2108 καί

179 2150 241 2217 τοῖς
263 2144 383 2225 θηρίοις
406 2151 458 2222 τής
480 2150 545 2223 γής,
568 2139 618 2203 καί
640 2141 717 2215 τάξω
740 2142 794 2222 τήν
816 2142 903 2204 πόλιν
921 2145 1031 2223 ταύτην
1048 2145 1090 2217 εἰς
1111 2143 1192 2223 ἀφα-

140 2255 167 2295 20
180 2240 286 2321 νισμὸν
309 2240 359 2302 καί
381 2240 424 2313 είς
447 2240 591 2322 συριγμὸν
613 2239 748 2319 αἰώνων,
771 2240 821 2301 ἵνα
840 2241 996 2314 πάντεςοῖ
1016 2241 1193 2323 διαπορευό-

181 2362 263 2419 μενοι
291 2332 330 2399 δι’
357 2336 449 2417 αύτής
475 2336 670 2416 έκστήσωνται
699 2336 750 2398 καί
775 2340 1013 2420 σκαθρωπάσωσι
1034 2339 1084 2401 καὶ
1106 2340 1193 2419 κινή-

181 2453 253 2497 σωσι
275 2434 327 2508 τὰς
349 2433 479 2512 κεφαλάς
502 2434 601 2496 αὐτῶν
619 2434 667 2497 έπὶ
685 2435 783 2515 πάσης
800 2446 853 2515 τής
870 2442 986 2519 πληγής
1004 2437 1104 2517 αὐτῆς.
1141 2437 1194 2499 καὶ

180 2531 220 2607 ὡς
249 2530 359 2612 άνεμον
386 2533 526 2593 καύσωνα
553 2533 700 2613 διασπερῶ
723 2533 832 2608 αὐτοὺς
854 2535 928 2597 κατὰ
950 2536 1110 2616 πρόσωπον
1132 2546 1194 2597 τῶν

180 2630 297 2711 ἐχθρῶν
325 2628 436 2710 αὐτῶν,
466 2628 516 2690 καὶ
544 2630 628 2704 δείξω
656 2630 757 2703 αὐτοῖς
785 2629 897 2713 ἡμέραν
924 2632 1077 2707 ἀπωλείας.
1127 2636 1192 2695 καί·

252 2809 1191 2880 8Matth.24‚30.-11Jerem.19‚3;4;7;8.-19Jer.18‚16;17.

253 2968 268 3016 3
282 2971 395 3029 ταμεῖον
410 2962 435 3015 Α
454 2968 594 3031 σκῆπτρον
608 2962 638 3016 Β.
655 2994 689 3003 —-
704 2968 720 3018 8
734 2971 784 3017 τοῦ
798 2963 955 3030 ἀνθρώπων
965 2964 1013 3016 ΑΕ
1023 2963 1124 3018 Matth.
1141 2972 1194 3018 τοῦ

181 3039 252 3089 θεοῦ
266 3035 337 3088 inter
351 3035 429 3088 scrib.
444 3051 511 3089 corr.
526 3051 560 3088 ια
573 3042 622 3087 τοῦ
637 3035 711 3088 ἀνῶ
724 3034 754 3088 L.
765 3065 798 3073 -
810 3041 843 3088 14
856 3033 1049 3104 ἐγκατέλειπον
1060 3034 1112 3088 CN
1126 3055 1192 3089 κατ-

182 3104 277 3161 έλιπον
295 3106 327 3157 Α.
348 3136 381 3145 -
404 3110 436 3158 21
457 3104 634 3172 ἐκστήσονται
652 3104 780 3159 AGFNP
803 3113 828 3160 et
849 3122 919 3160 rece.
940 3105 1055 3174 quidam
1078 3109 1114 3175 (et
1135 3106 1191 3161 Jer.

181 3178 229 3245 qui
248 3192 297 3230 αικ.
313 3174 379 3245 ἵνα).
400 3207 433 3216 -
452 3175 676 3244 σκοδρωπάσωσι
691 3176 801 3230 ABMP
820 3176 1108 3243 σκοθρωιιάοονταιθ
1127 3194 1193 3232 σκο-

180 3247 365 3315 θρωπάσοοσι
384 3246 537 3302 DEFLRV
545 3247 599 3302 δεῖ.
619 3280 654 3287 -
673 3247 805 3315 κινήσωσι
818 3248 927 3301 ΑΒΜΡ
949 3248 1094 3315 κινήσοοοι
1113 3247 1193 3302 ΟΒΕ

181 3318 341 3373 FLRVJer.
371 3351 404 3359 —-
433 3325 466 3373 23
490 3318 593 3389 ἀνεμων
617 3319 749 3373 καύσωνα
772 3317 886 3372 NPJer.
916 3318 1019 3389 άνεμον
1047 3320 1096 3374 καί
1123 3320 1192 3374 καύ-

182 3406 257 3443 σωνα
275 3390 335 3445 reU.
356 3422 389 3430 -
409 3396 442 3443 24
462 3391 554 3445 αύτῶν
572 3407 622 3446 om.
638 3390 744 3443 BFLR.
764 3422 798 3429 -
816 3388 921 3459 ἡμέρας
939 3389 973 3443 N.

253 3537 269 3584 4
288 3531 360 3587 κατά
376 3533 427 3602 τήν
440 3532 539 3602 κοινήν
554 3531 654 3600 σονήθ.
670 3532 699 3584 Ρ.
714 3564 750 3571 -
770 3537 784 3583 7
803 3531 853 3585 τὸν
871 3549 922 3586 om.
937 3531 967 3586 P.
983 3564 1016 3571 -
1037 3537 1070 3586 13
1084 3530 1194 3595 πάντας

181 3602 338 3668 ἀκούοντας
356 3608 417 3674 (τας
435 3606 473 3660 lit.
489 3620 522 3659 εκ
538 3624 592 3668 τως
609 3610 647 3659 κισ.
662 3603 729 3673 vid.)
747 3601 776 3655 Ρ.
797 3634 830 3642 -
851 3607 883 3656 17
902 3611 935 3673 τῇ
954 3620 1005 3658 om.
1020 3603 1049 3656 Ρ.
