2617 3909
1282 68 1285 233 λ

182 225 247 290 432
494 225 680 278 οεοεοιοτ
698 225 880 277 mmor
1284 256 1286 317 f

182 375 251 449 τοὺς
270 374 379 448 αύτούς
396 375 521 455 χρόνους
535 368 686 452 Ῥωμαίων
705 374 911 447 Κωνστάντιος
928 371 978 434 καλ
992 378 1127 454 Σενῆρος
1145 374 1196 436 καὶ
1284 324 1285 413 6

182 474 356 554 Μαξιμῖνος
374 471 424 533 καλ
437 471 613 547 Μαξέντιος.
646 471 697 532 καλ
715 469 731 532 δ
750 469 804 549 μέν
817 472 1025 544 Κωνστάντιος
1041 470 1092 532 καλ
1105 476 1194 535 Κων-
1285 444 1287 561 6

182 577 335 644 σταντῖνος
356 571 422 642 υίὸς
443 570 535 632 αὐτοῦ
553 569 608 650 την
627 571 754 631 Γαλλίαν
772 567 895 648 καλιὴν
913 571 1091 650 Βρεττανίαν
1109 569 1197 652 έκρα
1285 564 1286 593 ³

182 686 289 748 τησαν,
322 665 338 728 6
372 665 403 728 δέ
433 672 567 750 Σενῆρος
599 666 649 728 καλ
677 665 846 741 Μαξέντιος
877 665 932 746 τὴν
955 659 1084 746 Ἥρην,
1117 665 1133 730 6
1164 666 1197 729 δέ
1286 632 1287 715 6

155 766 355 845 ιΜαξιμῖνος
382 764 437 844 την
467 762 549 849 έῴαν.
595 761 628 838 ὃς
651 763 744 826 πολλὰ
767 765 857 845 μιαρά
879 787 908 826 τε
931 763 980 826 καλ
1003 763 1098 827 άτοπα
1120 760 1193 828 καθ’
1287 820 1288 823 ,

181 862 350 944 ὑπερβολὴν
374 863 608 944 διαπραξάμενος
633 860 683 922 καλ
705 862 779 943 πρὸς
801 861 917 935 τούτοις
940 863 1071 942 διωγμὸν
1093 862 1196 943 ἀπηνῆ

85 985 124 1024 ειο
138 983 169 1023 α.
182 960 245 1032 καλ,
264 960 538 1042 άπανθρωπύτατον
570 959 644 1020 κατὰ
676 969 774 1021 πᾶσαν
802 959 857 1039 την
884 958 1032 1038 ἀνατολὴν
1058 961 1101 1034 είς
1127 963 1198 1035 τοὺς

182 1057 369 1141 χριστιανούς
395 1058 612 1138 ἐνδειξάμενος,
642 1051 714 1118 καθ’
736 1053 772 1120 δν
794 1063 924 1119 πλεῖστοι
949 1067 1009 1118 τῶν
1030 1057 1197 1140 εὐδοκίμων

183 1155 402 1238 ἐμαρτύρησαν,
430 1155 498 1231 άξια
525 1167 578 1236 τῆς
601 1155 772 1234 δυσσεβείας
794 1155 888 1216 αύτού
910 1153 959 1216 καὶ
981 1156 1124 1236 προοίμια
1145 1166 1198 1237 τῆς

144 1278 169 1318 ιο
184 1254 346 1334 μελλούσης
377 1253 469 1332 αύτὸν
501 1252 689 1334 διαδέχεσθαι
717 1253 864 1326 κολάσεως
890 1252 1008 1325 εἰκότως
1034 1252 1197 1316 πέπονθεν.

184 1351 261 1436 νόσῳ
280 1351 335 1434 γάρ
356 1353 507 1435 δεινοτάτῃ
526 1353 702 1433 περιπεσών,
719 1349 882 1432 ἀλγηδόνες
896 1350 1011 1431 ἰσχυραί
1028 1351 1084 1431 την
1103 1353 1198 1434 σάρκα

182 1460 281 1512 πᾶσαν
305 1450 535 1528 διελομαένοντο.
581 1447 631 1510 καὶ
652 1449 688 1509 τά
706 1447 760 1528 μέν
782 1449 889 1530 ἔγκατα
912 1450 1120 1532 διεφθείροντο
1138 1448 1197 1511 ὑπὸ

183 1557 236 1626 τῆς
258 1546 480 1626 ἐνδομνχούσης
503 1546 706 1626 σφοδροτάτης
729 1548 913 1629 φλογάσεως,
935 1544 955 1626 η
977 1544 1009 1608 δέ
1027 1547 1099 1629 σὰρξ
1117 1558 1197 1611 πᾶσα
1291 1606 1292 1633 χ

183 1653 278 1725 κηροῦ
311 1644 399 1722 δίκην
430 1642 592 1722 έξετήκετο,
624 1642 674 1704 καὶ
702 1644 758 1704 σύν
785 1646 899 1718 τούτοις
925 1644 1122 1723 έκτιιφλούται
1148 1644 1198 1706 καὶ

145 1765 170 1806 15
184 1741 279 1823 πηρὸς
308 1740 324 1803 6
353 1742 478 1815 δείλαιος
505 1739 748 1803 ἀποκαθίσταται.
794 1740 975 1824 λαβροτέρως
1001 1741 1034 1804 δέ
1061 1743 1199 1826 φλογιζύ-
1292 1760 1293 1783 ἒ

185 1862 273 1919 μενος
295 1838 345 1900 καλ
368 1838 607 1920 τηγανιζόμενος,
636 1838 686 1900 καὶ
709 1838 784 1900 αύτδι
807 1839 1037 1921 συνεφρύγησαν
1059 1839 1198 1922 vac-6026,

185 1936 257 2000 ὥστε
285 1937 525 2017 ἐξαφανισθῆναι
552 1937 604 1999 τὸν
630 1947 798 2019 χαρακτῆρα
825 1947 877 2016 τῆς
903 1935 1100 2020 ἀνθρωπίνης
1127 1963 1199 2021 μορ

186 2044 254 2116 φῆς.
300 2034 465 2097 κάντεῦθεν
489 2034 619 2110 ἐλεεινῶς
642 2035 893 2117 διαφθειρόμενος
915 2034 965 2096 καὶ
983 2036 1088 2110 δεινῶς
1109 2060 1199 2098 κατα-

186 2135 353 2214 σηπόμενος
375 2134 521 2213 τοσαύτην
545 2134 696 2196 δυσωδίαν
718 2131 887 2213 ἐξέπεμπεν,
910 2130 951 2206 ὥς
974 2131 1062 2195 οὐδέν
1084 2143 1144 2196 τῶν
1166 2134 1199 2197 έν

146 2232 292 2311 ιοτάφοις
323 2230 527 2294 διαλυθέντων
558 2240 673 2315 νεκρῶν
704 2229 865 2311 διαφέρειν.
915 2227 931 2290 6
961 2228 994 2292 δέ
1024 2231 1057 2292 έν
1084 2233 1199 2307 τούτοις

185 2329 320 2410 ἐμπνέων
347 2328 441 2412 βραχὺ
469 2329 607 2404 στενάξας
634 2329 769 2390 θάνατον
796 2327 961 2391 ἐπεκαλεῖτο
991 2328 1040 2390 καλ
1066 2330 1142 2412 πρὸς
1163 2337 1203 2416 τῷ

186 2425 259 2488 τέλει
281 2426 430 2508 ἐγγίζοντα
452 2425 558 2488 ἑαυτὸν
582 2424 598 2487 6
621 2426 769 2508 ἀλιτήριος
791 2426 883 2508 γνούς
905 2427 1002 2489 τοιάδε
1022 2427 1095 2507 ἔφη·
1118 2429 1200 2508 οἴμοι

205 2601 224 2630 -’
259 2594 346 2658 ὁ-μ.
362 2593 423 2655 483,
438 2593 454 2641 3
472 2589 507 2654 cf.
523 2587 587 2641 Eue.
603 2587 637 2644 H.
653 2589 802 2658 eccl.VIII,
817 2596 865 2656 163
881 2590 927 2655 IX,
944 2595 985 2644 10.

261 2746 274 2793 1
295 2739 411 2808 σεύηρος
424 2736 556 2792 AOELM
577 2748 686 2807 σινίρος
698 2740 731 2793 V.
747 2773 781 2782 -
800 2747 816 2794 ³
835 2740 927 2805 δαλὸς
939 2740 998 2796 DV.
1013 2773 1048 2783 -
1066 2742 1118 2812 τὴν
1136 2748 1202 2798 ουλε

189 2815 282 2878 Βρεττ.
297 2828 347 2894 om:
362 2809 420 2864 RV.
436 2841 471 2849 -
489 2807 675 2883 βρετανλανΙι
693 2809 849 2882 βρητανλαν
862 2811 892 2866 P.
907 2843 942 2852 -
961 2813 1109 2883 λτεύηρος
1122 2813 1202 2868 cm

190 2881 708 3022 ιιιικιιιηλοάιιλπ
721 2883 973 3024 <iffi-6666
987 2883 1201 3018 πολλῶ

188 3022 360 3151 ww
377 3023 412 3077 N.
428 3056 461 3064 —
482 3030 515 3078 16
533 3024 582 3078 καλ
600 3023 813 3095 τηγανιζόμενος
829 3042 880 3080 om.
895 3025 953 3080 BL.
974 3057 1007 3066 -
1027 3031 1060 3080 21
1080 3027 1151 3094 πρὸς
1168 3027 1210 3081 ιδ’

250 3117 265 3161 ς
358 3137 365 3150 .

262 3252 278 3300 6
297 3245 429 3318 διωγμόν,
447 3245 485 3311 ὥς
498 3264 585 3317 φησιν
599 3245 745 3319 εύσέβειος,
759 3248 855 3318 ἀπηνῆ
866 3248 897 3302 P.
913 3280 946 3289 —
962 3253 995 3302 1‘1
1012 3246 1080 3303 ὥστε
1095 3247 1201 3318 έξαφα-

190 3321 326 3387 νισθῆναι
348 3319 380 3373 τδ
403 3318 524 3373 παλαιὸν
547 3325 597 3387 τῆς
619 3315 804 3388 ἀνθρωπίνης
825 3319 973 3389 μέρφωμα.
1002 3320 1160 3375 κάντεῦθεν
1178 3320 1201 3374 Ρ

191 3389 233 3457 (τὸ
252 3397 309 3444 πᾶν
333 3385 408 3451 εἶδος
425 3396 474 3458 τῆς
491 3392 614 3453 παλαιᾶς
631 3398 741 3460 μορφῆς
757 3390 842 3460 ῶνα).
867 3422 900 3431 -
925 3396 958 3445 19
976 3399 1033 3445 τῶν
1051 3391 1081 3446 ἐν
1099 3391 1203 3461 τάφοις

191 3459 459 3530 καταφθειρομένων
478 3459 624 3528 διαφέρειν
642 3461 673 3514 P.
696 3491 729 3500 -
752 3467 858 3531 21-ρ.
874 3467 940 3530 483,
960 3467 976 3515 2
998 3463 1047 3516 καλ
1069 3463 1141 3530 πρὸς
1162 3467 1203 3535 τῷ

191 3528 262 3588 τέλει
280 3530 504 3601 κατοδυρόμενος
522 3531 576 3600 ἔφη
594 3530 705 3586 λοιπόν·
724 3529 808 3596 ἀξίαν
826 3541 882 3588 τῶν
900 3533 941 3596 εἰς
958 3533 1136 3605 χριστιανούς
1152 3553 1204 3604 μοι

191 3601 395 3672 τετολμημένων
413 3601 507 3674 ὑπέχω
526 3601 577 3673 τὴν
594 3603 730 3672 τιμωρίαν
747 3601 777 3656 P.
1138 3642 1140 3647 .
