2617 3909
162 223 229 289 614
474 223 661 276 ΡΕΩΡΓΙΟΤ
677 223 861 276 ποσιτιον

162 371 298 451 κεφαλὴν
324 369 374 433 καί
400 379 521 455 τετραχῇ
549 369 601 444 τάς
626 371 726 451 τρίχας
753 371 860 431 διελεῖν
886 368 938 431 καί
963 369 1124 449 ἀπονεῖμαι
1146 370 1189 431 τὰ

163 468 218 549 μέν
244 469 287 543 είς
318 468 399 548 τόδε,
430 467 465 530 τδι
492 466 524 530 δὲ
556 467 601 541 είς
626 467 708 547 τόδε,
742 466 794 529 καί
824 468 875 529 ἵνα
905 467 946 548 μὴ
973 468 1070 529 πάντα
1097 467 1188 550 λέγω.

162 569 301 650 γίνεσθαι
328 565 360 629 δέ
383 566 495 628 τούτων
521 564 643 627 ἕκαστον
669 563 860 645 προσέταττεν
883 562 900 627 δ
922 574 983 627 τῶν
1005 565 1083 627 ὅλων
1104 566 1186 646 πρύ-

163 688 247 738 τανις
269 663 339 737 τοὺς
362 663 438 747 λόγῳ
467 663 507 743 μὴ
533 661 733 742 πειθομένους
760 660 836 741 μηδὲ
857 664 1041 744 προφητείας
1065 662 1190 726 ἐπαΐειν

137 760 360 842 σάνεχομένους
387 764 428 843 τῷ
451 768 505 838 τῆς
532 761 662 843 θεωρίας
688 759 847 844 παραδόξῳ
873 759 1022 842 συλλέγων
1048 760 1098 823 καί
1120 771 1189 823 τῶν

163 858 374 937 θεσπισμάτων
401 855 523 918 ἀκούειν
550 857 789 937 παρασκευάζων.
834 859 879 932 τίς
904 858 961 940 γὰρ
988 857 1045 920 οάκ
1070 856 1109 919 ἀν
1134 858 1184 933 ἐξ·

164 955 276 1036 επλάγη
293 960 380 1016 θεῖον
399 951 563 1035 ἀνθρωπον
580 954 698 1035 φνμνδν
715 951 794 1035 δρῶν
816 955 989 1035 βαδίζοντας
1011 957 1055 1029 τίς
1072 953 1106 1017 δὲ
1123 956 1188 1017 οάκ

67 1076 107 1117 σοι
120 1074 152 1115 ιι
166 1050 205 1115 ἀν
226 1050 323 1133 ἤρετο,
345 1053 376 1113 τί
397 1052 506 1131 δήποτε
528 1052 626 1136 πόρνῃ
645 1057 797 1114 συνοικεῖν
818 1051 835 1114 ό
853 1052 1011 1134 προφήτης
1034 1051 1186 1133 ἀνέχεταις

165 1149 262 1233 ὥσπερ
285 1142 341 1212 ούν
363 1149 484 1212 ἐκείνων
506 1148 629 1211 ἕκαστον
651 1147 669 1211 δ
690 1147 765 1222 θεὸς
785 1147 926 1229 γενέσθω
947 1149 1104 1232 προσέταξε
1126 1160 1183 1230 τῆς

125 1270 152 1311 ιο
165 1257 223 1310 τῶν
246 1248 382 1333 ῥᾳστώνῃ
406 1248 562 1322 συζώντων
584 1247 838 1329 προμηθούμενος
860 1244 1018 1328 ἀφελείας,
1039 1248 1118 1309 οὕτω
1141 1248 1182 1327 δὴ

164 1344 215 1407 καί
237 1346 269 1409 τὸ
292 1345 397 1407 καινὸν
420 1354 506 1407 τοῦτο
534 1344 584 1407 καί
610 1344 783 1425 παράδοξον
803 1344 1000 1426 ἐπριπάνευσε
1023 1342 1122 1424 θέαμα
1142 1351 1190 1429 τῷ

164 1444 322 1528 παραδόξῳ
350 1442 402 1504 καί
424 1441 498 1528 ξένῳ
525 1442 639 1515 πάντας
661 1441 755 1504 ἕλκων
781 1442 824 1517 είς
850 1440 1061 1523 &molam-nal
1086 1448 1183 1503 πιθα-

164 1540 223 1619 νὴν
245 1546 307 1614 τοῖς
333 1538 566 1619 ἀφικνουμένοις
592 1540 824 1621 παρασκευάζων
852 1540 908 1619 τὴν
935 1538 1185 1621 προσφερομένην

165 1638 346 1718 παραίνεσιν.
383 1636 416 1698 τὸ
434 1637 490 1718 γὰρ
506 1636 612 1699 καινὸν
629 1646 684 1699 τοῦ
702 1637 852 1716 θεάματος
870 1635 1010 1717 ἐνέχυρον
1029 1636 1186 1718 ἀξιόχρεον

125 1754 152 1797 ιι
165 1735 275 1816 γίνεται
304 1742 358 1795 τοῦ
384 1735 577 1815 διδάγματος,
608 1733 659 1796 καί
686 1732 702 1796 δ
729 1735 772 1809 είς
797 1736 930 1815 θεωρίαν
958 1733 1185 1814 ἀφικνούμενος

165 1829 201 1892 τὰ
228 1836 297 1893 θεῖα
323 1830 498 1905 παιδευθεὶς
528 1830 721 1913 ἐπανέρχεται.
766 1832 904 1913 καθάπερ
934 1831 992 1914 χδιρ
1023 1832 1074 1894 έπί
1099 1855 1186 1905 τινος

166 1931 286 2009 λυχνίας
303 1927 399 2003 τεθείς
420 1928 436 1992 δ
454 1930 628 2007 φανότατος
651 1923 738 2003 οὗτος
760 1930 867 2010 λύχνος
889 1927 976 2010 ἡλίου
998 1930 1087 2009 δίκην
1104 1930 1184 1992 πάν-

165 2032 255 2090 τοθεν
282 2027 334 2103 τὰς
358 2026 480 2101 ἀκτῖνας
507 2026 680 2108 ἐξέπεμψεν,
709 2026 760 2089 καί
787 2028 865 2089 ἔστιν
891 2027 968 2089 ἰδεῖν
993 2026 1044 2089 καί
1058 2026 1185 2107 Ἴβηρας

165 2124 215 2187 καί
238 2120 411 2207 Ἀρμενίους
442 2124 493 2188 καί
520 2124 639 2206 Πέρσας
667 2112 909 2205 ἀφικνουμένους
935 2123 987 2185 καί
1012 2134 1066 2186 τοῦ
1093 2126 1186 2186 θείου

125 2243 152 2285 ευ
165 2224 364 2304 βαπτίσματος
390 2222 609 2303 ἀπολαύοντας,
628 2218 817 2305 ΙἸσμαηλίται
849 2219 882 2284 δέ
911 2221 987 2283 κατὰ
1015 2223 1186 2303 συμμορίας

165 2321 396 2402 παραγινόμενοι
424 2321 569 2383 διακόσιοι
598 2320 673 2383 κατά
700 2319 808 2382 ταύτδν
838 2319 890 2381 καί
916 2319 1092 2400 τριακόσιοι,
1121 2319 1184 2381 ἔστι

166 2413 195 2478 δ’
220 2418 267 2480 ὅτε
296 2416 347 2479 καί
372 2419 474 2499 χίλιοι,
506 2417 668 2499 ἀρνοῦνται
699 2416 754 2497 μέν
779 2416 836 2495 τὴν
862 2413 1003 2499 πατρςόαν
1033 2417 1184 2496 έξαπάτχν

166 2514 237 2593 μετὰ
264 2524 370 2593 φωνῆς
401 2513 451 2575 καί
478 2514 514 2575 τὰ
539 2509 592 2576 ὑπ’
617 2515 739 2578 ἐκείνων
771 2513 953 2594 σεβασθέντα
985 2515 1092 2577 εἴδωλα
1122 2515 1186 2596 πρὸ

166 2618 220 2673 τού
251 2612 339 2673 θείου
370 2612 471 2685 κίονος
501 2611 615 2673 ἐκείνου
650 2613 855 2695 συντρίβοντες
890 2610 941 2672 καί
976 2618 1039 2685 τοῖς
1071 2608 1185 2693 όρχίοις

126 2703 342 2789 ιε’Λφροδίτης
372 2707 601 2788 ἀποταττόμενοι
627 2704 748 2793 (τούτου
775 2708 831 2793 γὰρ
858 2707 1007 2770 ἀνέκαθεν
1036 2718 1089 2771 τοῦ
1116 2709 1183 2770 δαί-

167 2827 258 2884 μονος
289 2802 479 2879 κατεδέξαντο
511 2806 566 2885 τὴν
598 2801 747 2891 λατρείαν)
780 2816 840 2868 τῶν
871 2809 965 2868 θείων
996 2806 1184 2868 ἀπολαύουσι

238 3000 293 3051 1.2
317 2994 368 3057 τάς
390 2993 546 3066 μὲν-τὰς
568 2994 599 3051 δέ
623 2994 788 3049 BFTheod.
816 2996 848 3050 τδ
871 2995 1007 3066 μὲν-τὸ
1031 2994 1063 3051 δὲ
1085 2994 1118 3051 R.
1147 3026 1183 3035 -—

167 3070 183 3117 θ
202 3067 251 3120 καί
270 3067 402 3121 abundat.
422 3098 456 3106 —
480 3065 620 3136 καταλέχοι
639 3065 780 3122 VTheod.
800 3098 834 3107 -
858 3073 875 3119 3
894 3064 938 3138 δέ]
957 3067 993 3137 δὴ
1010 3066 1034 3121 Β
1053 3083 1103 3121 om.
1121 3066 1175 3119 ΕΜ

166 3167 200 3176 -
221 3142 236 3189 δ
255 3135 422 3206 παραδόξως
436 3136 491 3191 Ν.
507 3170 541 3178 -
561 3143 594 3192 12
611 3136 741 3206 πιθανὴν
755 3136 832 3192 BPV
849 3137 993 3207 πειθανὴν
1006 3140 1111 3208 (πνεῖν
1125 3135 1186 3191 ΟΜ

167 3205 253 3274 -άνην
268 3206 302 3275 G)
316 3207 376 3261 rell.
390 3240 427 3248 -
446 3214 480 3262 14
498 3206 650 3279 ἀξιόχρεων
664 3207 751 3263 BRV.
768 3240 800 3248 —
822 3214 855 3262 17
870 3206 1030 3278 φανότατος
1042 3206 1129 3263 BRV.
1149 3240 1182 3248 —

102 3321 107 3330 .
168 3282 201 3330 21
221 3276 443 3347 παραγενόμενοι
459 3278 599 3347 (-νάμενοι
613 3279 642 3334 Μ
660 3286 770 3333 τέτατο.
784 3279 911 3348 quidam)
926 3278 1041 3334 OFMR.
1057 3312 1091 3320 -
1109 3278 1186 3333 κατὰ

166 3346 270 3471 χαύχδν
288 3346 420 3471 AOIAEP
430 3349 534 3404 Theod.
563 3346 627 3403 κατ’
650 3349 737 3403 αύτδν
756 3349 870 3405 BGMV
896 3347 959 3404 κατ’
981 3351 1049 3406 αύτδ
1069 3350 1122 3404 PR.
1148 3382 1184 3390 -

186 3422 201 3469 2
241 3415 332 3485 πότην
403 3461 408 3471 .

240 3591 257 3637 4
276 3590 324 3652 τῆς
341 3583 515 3653 προφητείας
532 3587 670 3641 PTheod.
690 3619 725 3628 -
745 3593 777 3642 17
796 3588 897 3659 λύχνος
915 3583 996 3652 οὗτος
1013 3588 1043 3642 Ρ.
