2617 3909
545 246 734 298 ΧΡοΝΙΚοΝ
1081 244 1146 310 599

130 393 256 476 γράψαι.
292 391 360 455 ὅδὲ
383 394 525 476 μακάριος
547 394 621 475 πρὸς
643 394 765 469 αὐτούς·
789 394 987 473 κοινωνήσατε
1011 392 1074 474 μέν,
1097 395 1148 456 ἵνα

131 491 173 571 μη
202 493 317 572 σχίσητε
339 491 395 570 τὴν
417 491 589 573 ἐκκλησίαν,
617 492 659 571 μὴ
686 491 879 576 δπογράψητε
902 491 946 554 δέ·
975 491 1064 554 οὐδὲν
1091 493 1147 576 γὰρ

131 589 248 674 ἐμαυτῷ
271 590 398 651 σύνοιδα
424 587 509 664 άξιον
536 589 743 672 καθαιρέσεως.
789 585 845 673 εἶχε
869 589 901 653 δὲ
923 589 1062 671 μαθητάς
1084 591 1147 653 ἐπι-

132 686 264 761 σκόπους
295 685 349 767 μὲν
380 688 520 768 Πρόκλον
551 687 601 749 καλ
628 690 801 751 Παλλάδιον
831 689 882 751 καί
912 691 1068 773 Βρίσσωνα
1096 687 1149 750 καί

134 785 339 866 Θεοδώρητον,
361 783 491 865 ἀσκητάς
513 783 546 847 δὲ
564 788 697 869 Μάρκον
719 785 770 848 καί
792 791 905 849 Νεῖλον
927 787 978 849 καί
996 781 1148 868 Ἰσίδωρον
1174 806 1187 848 ο

131 882 184 946 τδν
206 883 432 963 Πηλουσιώτην.

194 976 229 1042 Ὁ
251 978 284 1043 δὲ
306 979 396 1063 μέγας
415 975 594 1059 Ἐπιφάνιος
615 983 745 1064 Κάπρον
772 982 805 1045 ἕν
829 985 869 1068 τῷ
884 979 1023 1068 Ἑβδόμῳ
1050 982 1149 1046 ἐλθών

131 1079 311 1161 χειροτονίας
337 1078 388 1141 καλ
415 1080 550 1154 συνάξεις
573 1079 653 1162 παρὰ
675 1080 731 1159 τὴν
751 1077 893 1144 Ἰωάννου
919 1082 1044 1163 γνώμην
1068 1081 1149 1144 ἐποί-

133 1196 213 1259 ησεν.
255 1177 306 1240 καλ
331 1187 384 1240 τοῦ
403 1172 547 1240 Ἰωάννου
570 1188 655 1239 τοῦτο
680 1189 867 1261 συγχωρῆσαι
893 1180 1076 1259 θελήσαντος
1099 1178 1149 1240 καί

134 1274 379 1359 προτρεψαμένου
411 1276 503 1339 αὐτὸν
530 1282 688 1356 συμμεῖναι
721 1276 800 1361 αὐτῷ
828 1277 870 1350 είς
897 1275 929 1337 τὸ
957 1275 1149 1338 ἕκισκοπικὸν
1163 1296 1189 1336 ιο

132 1375 327 1457 καταγώγιον,
351 1374 405 1456 οὐχ
427 1374 522 1436 είλατο
545 1382 631 1436 τοῦτο
654 1383 778 1454 ποιῆσαι
793 1368 984 1452 Ἐοιιφάνιος·
1007 1380 1071 1447 ταῖς
1092 1374 1148 1455 γὰρ

133 1472 193 1535 ὑπὸ
220 1474 369 1551 Θεοφίλου
392 1472 545 1553 διαβολαῖς
567 1474 806 1553 προκατείληπτο.

198 1567 341 1633 Ἰωάννου
358 1580 411 1632 τοῦ
429 1570 644 1653 Χρνσοστόμου
667 1570 901 1643 ἐπισκοποῦντος
918 1568 995 1653 ἀνήρ
1013 1594 1057 1644 τις
1075 1574 1149 1632 Μα-

133 1668 307 1741 κεδονιανὸς
334 1674 461 1750 γυναῖκα
488 1662 563 1748 εἶχεν
586 1666 751 1750 ὁμόφρονα.
796 1667 848 1730 καί
870 1667 887 1730 δ
910 1666 964 1748 μὲν
986 1667 1063 1750 ἀνὴρ
1086 1690 1150 1730 πει-

134 1766 220 1840 σθείς
241 1776 277 1852 τῇ
301 1766 475 1851 διδασκαλίᾳ
494 1762 637 1829 Ἰωάννου
664 1776 700 1852 τῇ
723 1772 870 1851 καθολικῇ
894 1766 1032 1851 ἐκκλησίᾳ
1059 1784 1151 1849 προσ·
1164 1785 1189 1825 ιι

134 1863 233 1927 ελδὼν
260 1863 469 1945 ἐκοινώνησεν,
497 1861 663 1943 δμοίωςδὲ
689 1864 740 1926 καί
763 1874 800 1950 τῇ
822 1863 943 1947 γυναικί
969 1875 1151 1945 κοινωνῆσαι

134 1959 268 2049 παρῄνει.
314 1958 334 2041 ἡ
357 1959 389 2023 δὲ
411 1962 609 2044 δποκριθεῖσα
635 1964 797 2024 πείθεσθαι
823 1969 863 2046 τῷ
881 1959 969 2043 ἀνδρί
997 1953 1091 2040 ἦλθεν
1118 1961 1151 2023 ἒν

134 2068 172 2144 τῇ
195 2058 348 2143 ἐκκλησίᾳ,
376 2061 519 2144 παιδίσκη
547 2058 579 2122 δὲ
607 2060 700 2140 αὐτῆς
722 2061 831 2144 γνησίᾳ
855 2060 1017 2120 κοινωνίαν
1043 2058 1151 2138 ἕκτης

166 2304 171 2311 =
209 2280 295 2329 '1-12
315 2275 365 2329 Th.
381 2275 410 2328 L.
425 2276 460 2344 cf.
474 2274 540 2328 Exn.
555 2274 618 2328 Bar.
633 2273 759 2343 Theoph.
771 2290 799 2344 p.
817 2278 859 2341 76,
873 2278 898 2328 9.
919 2304 954 2313 -
973 2278 1074 2342 13—p.
1090 2276 1151 2340 600,

137 2352 172 2402 10
191 2347 242 2403 Th.
256 2346 286 2401 L.
301 2346 336 2413 cf.
352 2346 417 2400 Exn.
432 2346 496 2401 Bar.
511 2346 636 2415 Theoph.
649 2362 679 2416 p.
695 2351 738 2413 7⁷,
753 2350 777 2400 8.

209 2531 225 2579 2
246 2522 435 2597 σγίσητε-Ρ,
450 2529 537 2592 6022
558 2523 699 2593 εἰρηκέναι
720 2531 779 2585 τοῖς
796 2539 847 2578 om.
864 2522 886 2575 F
909 2536 966 2576 ωωυ
983 2522 1051 2587 folio
1068 2522 1152 2576 inter-

136 2597 200 2652 αιάο.
224 2628 260 2637 -
285 2601 302 2650 4
338 2591 454 2664 ρίσσονα
477 2595 499 2650 Ρ
523 2591 645 2666 βρίοωνα
668 2594 691 2647 Β
718 2591 858 2662 κρίσσωνα
881 2592 909 2647 Ο.
938 2624 972 2633 -
1000 2598 1017 2647 8
1040 2589 1153 2660 ἐποίησε

137 2667 216 2737 παρὰ
242 2667 293 2737 τὴν
330 2666 509 2792 ,γγάμηνΒ
537 2665 615 2732 παρὰ
642 2665 695 2735 τὴν
722 2665 741 2720 ί.
762 2662 875 2734 ἐποίησε
896 2665 1009 2735 γνώμην
1030 2663 1089 2718 RV.
1118 2694 1153 2704 -

139 2745 173 2795 10
191 2740 339 2864 σνγίρεῐναι
408 2739 549 2809 συμβῆναι
567 2737 625 2791 AR.
645 2768 679 2777 -—
701 2742 734 2791 12
753 2736 890 2809 οὐγήλατο
908 2736 935 2789 A
957 2737 1009 2806 οὐχ
1028 2733 1153 2791 είλετολῖ

138 2811 190 2865 οὐκ
209 2830 221 2865 ε
250 2829 300 2865 ατο
319 2810 348 2865 Ρ.
369 2842 402 2850 -
424 2815 456 2864 16
475 2817 525 2864 τοῦ
544 2808 668 2863 ίωάννου
687 2807 783 2863 OExc.

213 2994 227 3042 1
248 2986 262 3042 ὁ
283 2985 314 3044 δέ
334 3004 403 3058 φησι
421 2985 610 3054 κοινωνήσατε
628 2985 658 3041 Ρ.
675 3018 708 3027 -
728 2992 745 3039 2
763 2986 814 3056 τὴν
833 2981 981 3054 ἐκκλησίαν
1000 2979 1110 3055 σγίσητε
1123 2982 1153 3035 P.

138 3091 172 3100 —
197 3064 213 3112 3
233 3059 351 3113 σύνοιδα
374 3061 490 3127 καθαιρ.
511 3057 592 3123 ἄξιόν
612 3077 639 3111 τι
664 3055 849 3125 πεποιηκέναι
867 3056 897 3109 Ρ.
922 3086 955 3095 -
978 3051 1155 3124 ίβρίσσωνά

137 3148 167 3185 τε
186 3130 236 3184 καὶ
253 3130 283 3185 P.
308 3161 341 3170 -
366 3129 510 3198 ’ίκάπρου
527 3128 675 3200 τυγχάνων
699 3129 729 3184 ἐν
747 3125 1034 3182 κωνσταντινονπόλει
1053 3141 1154 3197 γειροτ.

140 3202 171 3257 ἐν
189 3217 212 3255 τ.
232 3200 244 3256 ἐ
264 3205 288 3257 δ.
307 3202 357 3255 καλ
377 3200 470 3265 σννάξ.
485 3200 515 3254 Ρ.
531 3232 564 3241 -
585 3205 671 3254 10.11
691 3200 732 3263 είς
748 3197 780 3253 τδ
800 3194 966 3253 ἐπισκυπίυν
985 3198 1036 3251 οὐκ
1054 3196 1154 3251 είλατο.

138 3280 201 3336 ταῖς
222 3293 277 3344 γαρ
295 3272 325 3326 Ρ.
347 3304 381 3313 -
406 3277 439 3326 12
458 3272 516 3327 Hie
537 3278 690 3341 οεηιικκλιιν·
706 3288 734 3339 p.
753 3275 819 3337 ⁶02,
834 3274 930 3324 1-10
948 3274 975 3323 ιλ
996 3269 1056 3324 alia
1074 3286 1155 3338 quae·

139 3344 213 3410 dam,
232 3351 291 3399 λιικι
305 3360 335 3413 p.
351 3348 411 3410 600,
428 3350 532 3413 ll-p.
548 3348 609 3410 601,
625 3348 639 3396 7
659 3349 685 3397 et
697 3343 758 3398 alia
769 3342 908 3410 permulto
920 3341 953 3395 de
968 3341 1156 3411 Ολυγεοείοικσ

140 3416 238 3470 evitis
259 3433 277 3470 a
295 3414 427 3471 Palladio
450 3421 476 3469 et
495 3414 611 3485 θεωρία
633 3414 743 3483 scriptis
761 3419 898 3482 ιωαενρία,
915 3418 979 3481 post
1000 3412 1067 3466 λοεα
1088 3428 1155 3465 καν-

86 3523 88 3527 -
139 3488 214 3542 ratio
228 3503 257 3554 p.
278 3490 338 3552 606,
359 3493 445 3555 1-p.
462 3490 558 3554 604,6
577 3488 689 3541 omnino
707 3484 815 3539 δι’νινιο
837 3490 863 3539 et
881 3491 940 3539 λιικι
958 3484 1065 3537 demum
1081 3500 1105 3536 v.
1122 3486 1155 3534 13

141 3573 207 3695 -Ιγκ
223 3562 332 3624 600,10
352 3574 421 3627 qum
442 3560 506 3613 item
529 3557 563 3611 ab
586 3557 635 3623 iis,
659 3573 729 3625 ηκοι
746 3572 832 3625 supra
850 3556 925 3610 edita
944 3559 1018 3621 οιωιλ,
1041 3553 1157 3607 multum

140 3630 173 3683 di
195 3634 282 3683 erunt.
