2617 3909
187 215 255 282 680
501 216 689 269 ναοοοιοε
707 216 890 268 Momm

186 366 220 428 τὸ
244 363 276 428 δὲ
298 374 351 427 τού
374 365 512 445 φθόνον,
540 364 572 428 τδ
601 362 634 425 δὲ
660 373 714 444 τῆς
739 363 901 445 λοιδορίας,
928 362 979 425 καί
1002 361 1101 438 ἁπλῶς
1124 364 1205 426 ούτω

186 466 318 544 καθεξῆς
339 462 462 526 ἕκαστον
484 461 585 536 πάθος
607 462 703 536 ἰδίους
730 461 910 542 τελωνάργας
932 460 990 543 ἔχει
1011 461 1062 523 καί
1087 461 1206 523 δικολό-

186 585 268 644 γους.
317 557 373 641 ὑφ’
398 554 442 623 ὧν
468 561 669 643 κρατούμενος
693 559 845 641 ἐθεώρουν
867 559 938 634 τούς
961 557 1146 642 ὁδηγούντάς
1169 583 1206 640 με

187 662 362 734 νεανίσκους
379 659 576 740 βαστάζοντας
593 657 635 732 ἀς
656 657 690 720 ἐν
712 659 859 742 βαλαντίφ
882 655 940 720 τινί
963 657 1015 732 τάς
1034 658 1126 731 καλάς
1144 681 1205 738 μον

157 758 314 840 οπράξεις.
369 752 424 835 ἀφ’
454 749 491 818 ού
522 756 723 836 λαμβάνοντες
754 754 804 816 καί
835 754 1110 834 ἀυτισταθμίζοντες
1141 762 1206 830 τοῖς

187 859 331 937 πονηροῖς
357 855 454 936 ἔργοις
481 877 554 935 μου,
587 848 633 927 οίς
664 852 850 935 προσέφερον
881 852 1143 936 άκριβολογούντες
1174 856 1208 916 οἱ

187 951 315 1034 πονηροί
333 953 504 1034 ζυγοστάται
522 951 572 1014 καί
590 961 643 1032 τῆς
656 950 833 1032 ἀεροπορίας
848 951 1014 1032 δδοστάται,
1033 951 1116 1031 μόλις
1131 951 1204 1014 ἀπε-

187 1050 329 1130 λνόμεθα.
374 1049 644 1129 ἕκδαπανηθίυτων
672 1043 728 1112 ούν
755 1049 875 1112 πάντων
904 1071 962 1129 μου
990 1059 1051 1111 τῶν
1077 1049 1205 1132 ἀγαθῶν

187 1149 295 1232 ἔργων,
322 1148 373 1210 καί
394 1149 469 1232 πρὸς
492 1148 547 1228 τήν
568 1149 668 1228 πύλην
691 1147 750 1228 ήδη
778 1156 831 1209 τού
858 1147 991 1228 ούρανοῦ
1019 1149 1205 1226 φθασάντων

148 1245 289 1329 ιοήμῶν,
317 1247 350 1309 ἐν
375 1235 396 1332 ᾖ
418 1245 451 1308 τὸ
473 1247 612 1309 τελώνιον
638 1255 693 1326 τής
714 1246 854 1327 πορνείας
880 1237 934 1326 ήν,
963 1245 1116 1328 συσχεθεὶς
1143 1245 1204 1307 ὑπὸ

187 1355 247 1408 τῶν
279 1348 413 1427 ζοφερῶν
443 1344 565 1407 ἐκείνων
593 1344 769 1423 Αἰθιόπων,
801 1343 985 1426 προσέφερον
1012 1345 1112 1406 πᾶσάν
1144 1367 1204 1423 μου
1298 1393 1299 1416 ,

187 1444 329 1524 πορνείαν
355 1441 406 1504 καί
433 1441 603 1522 σωματικήν
626 1440 785 1523 ἁμαρτίαν,
812 1439 851 1520 ήν
879 1440 937 1502 ἀπὸ
965 1442 1121 1516 δεκαετοῦς
1145 1465 1204 1520 μου

187 1541 296 1623 χρόνον
318 1550 371 1619 τῆς
393 1537 510 1618 ήλικίας
532 1539 736 1620 διεπραξάμην
759 1536 775 1599 δ
798 1536 912 1612 άθλιος.
953 1537 1203 1622 ἀπολογουμένων

188 1636 220 1699 δὲ
242 1648 302 1698 τῶν
324 1638 488 1698 νεανίσκων
510 1637 632 1698 ἐκείνων
654 1635 729 1719 ύπλρ
752 1636 825 1716 ἐμοῦ
847 1635 898 1698 καί
920 1637 1074 1718 λεγόντων,
1100 1637 1145 1700 ὅτι
1167 1636 1204 1698 τὰ

147 1758 173 1800 ιι
187 1736 220 1797 ἕν
247 1745 283 1819 τῇ
310 1734 393 1796 πόλει
421 1733 615 1815 ἁμαρτήματα
643 1734 860 1817 συγκεχώρηται
891 1734 1087 1815 μετανοήσας,
1119 1733 1204 1814 ἀλλά,

188 1831 282 1912 φησίν
305 1833 337 1893 οἱ
357 1832 450 1894 δεινοί
471 1832 641 1914 κατήγοροι,
665 1832 848 1912 μετανοήσας
865 1832 947 1894 ἔπεσε
964 1833 1055 1894 πάλιν
1077 1833 1118 1906 είς
1136 1855 1204 1912 μοι·

187 1932 268 2012 χείαν
294 1931 349 2005 ἔξω
381 1939 434 2010 τής
460 1929 571 2004 πόλεως
598 1929 646 1991 καί
680 1931 773 2004 ούτως
803 1929 962 1992 ἀπέθανεν.
1013 1930 1084 2010 ὅπερ
1111 1928 1204 1992 ἀκού»

188 2049 291 2104 σαντες
313 2030 345 2092 οί
364 2027 481 2111 άγγελοι
503 2027 693 2109 ἀνεχώρησαν
715 2027 839 2108 ἀφέντες
858 2051 892 2107 με
915 2025 956 2100 ἀς
978 2026 1203 2110 ἀναπολόγητον
1300 2029 1301 2038 ’

187 2127 237 2190 καί
265 2126 359 2208 μηδὲν
384 2128 471 2210 ἔργον
497 2126 615 2210 ἀγαθὸν
642 2126 759 2207 ἔχοντα,
788 2125 839 2188 καί
867 2125 1049 2206 ἁρπάσαντές
1077 2149 1112 2205 με
1138 2127 1203 2206 χαί-

147 2250 175 2290 εο
188 2250 288 2307 ροντες
310 2227 342 2288 οί
357 2227 505 2300 Αάθίοπες
523 2225 632 2288 ἐκεῖνοι
653 2224 704 2286 καί
725 2225 882 2298 τύπτοντες
902 2223 1069 2306 κατήγαγον
1087 2225 1129 2297 είς
1146 2223 1204 2302 τὴν

88 2348 129 2389 σιτ
143 2348 173 2388 ω.
187 2335 245 2406 γήν
272 2318 377 2405 αὖθις,
409 2323 460 2386 καί
490 2325 599 2403 ταύτης
626 2323 818 2403 διχασθείσης
847 2327 999 2402 κατήλθον
1031 2322 1082 2383 διά
1112 2345 1204 2383 τινων

189 2431 345 2484 στενωπῶν
365 2420 415 2483 καί
438 2431 596 2484 σκοτεινῶν
615 2420 842 2483 δυσωδεστάτων
865 2443 894 2482 τε
916 2420 997 2481 πάνυ
1015 2419 1065 2480 καί
1089 2443 1204 2501 φρικω-

260 2643 275 2690 2
300 2633 607 2708 ίδίονς-δικολόγους
630 2653 680 2693 om.
704 2635 737 2691 V.
767 2669 800 2677 -
828 2633 977 2706 διαλόγους
999 2634 1081 2689 BPR
1103 2637 1204 2706 (φορο-

188 2706 287 2778 λόγους
301 2706 415 2778 Comb.).
431 2739 465 2747 -
483 2712 500 2759 4
519 2705 672 2782 βαλλαντίῳ
686 2707 745 2763 DV.
761 2739 794 2748 -
814 2713 829 2760 ’λ
849 2704 1033 2776 ἀπολούμεθα
1046 2706 1074 2760 N
1092 2713 1118 2762 et
1130 2723 1203 2762 rece.

188 2780 312 2847 quidam.
337 2810 371 2819 —
396 2784 427 2832 11
452 2779 589 2850 ζοφερῶν]
612 2789 745 2849 πονηρῶν
763 2779 819 2833 AB.
849 2811 882 2819 —
913 2784 945 2833 12
969 2781 1160 2842 δωδεκαετοῦς
1181 2777 1204 2832 C

188 2850 282 2906 comb.
307 2881 340 2891 -
363 2869 418 2920 μου
436 2866 486 2904 om.
501 2848 560 2903 RV.
585 2882 620 2889 —
644 2857 676 2904 13
696 2849 799 2922 χρόνον
822 2857 871 2918 τής
893 2846 1003 2918 ἡλικίας
1020 2847 1205 2903 ABOELRV

187 2929 237 2992 τῆς
250 2917 360 2989 ἡλικίας
377 2919 516 2991 χρόνονΡ
534 2917 638 2992 χρόνον
656 2939 707 2977 om.
723 2919 786 2976 GN.
801 2953 832 2962 -·
856 2925 888 2974 16
908 2921 998 2988 φασίν
1011 2921 1042 2974 Β.
1058 2953 1092 2961 -
1113 2925 1145 2975 18
1165 2921 1206 2982 ὡς

188 2989 401 3062 ἀναπολόγητον
413 2992 489 3046 ΑΒΡ
507 2993 545 3055 ἀς
562 3010 612 3048 om.
627 2993 687 3046 rell.
708 3024 742 3034 -
761 2998 795 3046 20
815 2991 842 3047 ol
861 2988 994 3053 αἰθίοπες
1011 2987 1157 3062 χαίροντες
1173 2991 1205 3046 Μ

187 3059 333 3136 χαίροντες
346 3081 395 3118 om.
411 3064 469 3118 RV,
486 3097 518 3104 -
537 3063 697 3133 κατήγαγον
716 3063 756 3128 είς
769 3063 893 3117 ABLPV
911 3083 971 3117 κατ.
986 3083 1019 3134 με
1037 3062 1077 3126 είς
1091 3061 1205 3118 OEGN

188 3155 222 3204 με
239 3153 299 3188 κατ.
315 3135 400 3206 είςζΙδ.
414 3167 449 3177 -
468 3141 502 3189 21
522 3134 698 3207 διγασθήσης
717 3138 766 3259 (ἴς
780 3133 810 3206 O)
825 3133 880 3189 OM
899 3131 1082 3204 δικασθείσης
1094 3133 1120 3187 R
1139 3137 1204 3188 δια-

188 3201 349 3278 σχισθείσης
361 3207 392 3262 Β.
408 3239 442 3248 -
461 3213 495 3260 22
514 3215 656 3261 στενοπῶν
669 3205 719 3260 AG
747 3205 827 3259 NPR
846 3215 949 3260 στενῶν
967 3203 1060 3260 τόπων
1076 3204 1204 3260 GOomb.

189 3309 229 3366 -Ι
238 3287 378 3403 unffi&
393 3287 543 3334 σκοτεινῶν
557 3278 587 3331 Μ
605 3285 755 3334 σκοτεινῶν
769 3285 916 3332 στενωπῶν
931 3277 961 3330 B.
982 3307 1015 3316 —
1034 3277 1083 3331 καί
1096 3279 1205 3332 δνσωδ.

188 3366 264 3402 πανυ
342 3392 347 3403 .

261 3522 480 3594 λάεροπορείας
497 3526 527 3579 Ρ,
547 3557 581 3567 -
601 3530 635 3579 10
652 3528 799 3581 τελωνεῖον
816 3526 846 3580 Ρ.
867 3557 900 3568 -—
924 3533 955 3580 11
975 3529 1036 3595 ζοφ.
1056 3524 1207 3582 αίθιόπων

190 3593 305 3651 ἐκείνων
323 3596 352 3650 Ρ.
372 3628 406 3637 -
426 3602 459 3650 15
478 3597 701 3668 σνγκεχώρησται
719 3595 749 3651 Ρ.
