2617 3909
547 226 737 278 ffwwn
1078 224 1213 291 ωδ·

130 372 255 453 λόμενος
291 372 400 447 αύτούς
436 371 592 435 ἀνελέσθαι
627 373 799 435 διεκωλύετο
835 372 915 455 παρδι
945 382 1006 436 τῶν
1021 448 1024 453 ¹
1037 374 1145 438 αύτόθι

132 473 285 551 δαιμόνων
293 450 478 535 ’όίκούντωα
523 480 622 533 πᾶσαν
644 470 748 531 τοίνυν
771 472 894 552 μαγείαν
917 470 1145 551 ἐπιδειξαμένων

124 580 192 631 τῶν
219 568 413 651 θεραπόντων
445 568 537 631 αὐτοῦ
568 566 618 630 καί
650 566 743 647 μηδὲν
775 568 957 649 ἰσχυσάντων
988 561 1063 648 ἦλθε
1095 569 1146 632 διὰ

131 678 192 730 τῶν
215 661 377 729 Ἰουδαίων.
422 665 577 747 ἀποτυχὼν
607 664 639 727 δέ
670 659 811 750 κηἰκεῖθεν
838 667 1063 748 συνεβουλεύθη
1095 667 1146 731 δεδι

130 776 191 827 τῶν
219 773 394 845 χριστιανῶν
420 773 601 847 καταργῆσαι
627 762 697 838 τοὺς
724 764 876 843 δαίμονας.
922 764 938 827 6
967 763 999 827 δὲ
1026 774 1085 826 τῶν
1111 764 1145 827 ἐν
1172 786 1185 827 ε

133 863 256 946 Περσίδι
287 871 462 944 χριστιανῶν
492 861 651 934 ἐπίσκοπος
682 859 731 921 ἐπί
760 860 794 923 κδ
826 862 898 925 αύτδ
926 863 1050 937 σύναξιν
1082 863 1145 926 ἐπι-

131 959 246 1033 τελέσας
282 959 332 1021 καί
363 969 423 1021 τῶν
454 961 547 1021 θείων
584 959 754 1039 μυστηρίων
790 959 960 1041 μεταλαβὼν
996 960 1047 1023 καί
1082 967 1145 1035 τοῖς

133 1067 259 1121 συνοῦσι
285 1064 462 1139 χριστιανοῖς
489 1056 632 1136 μεταδούς
659 1055 709 1117 καί
735 1062 775 1140 τῷ
799 1059 909 1142 σημείῳ
935 1067 989 1120 τοῦ
1015 1068 1145 1141 σταυροῦ

134 1157 241 1231 διώξας
269 1155 339 1231 τοὺς
365 1156 509 1235 δαίμονας
535 1160 574 1239 τῷ
595 1155 708 1240 Κωύδη
736 1155 768 1218 τὸ
795 1157 942 1239 φρούριον
968 1156 1144 1239 παρέδωκεν.

23 1256 45 1315 ,“
125 1251 167 1329 ιδς
195 1253 389 1336 καταπλαγείς
420 1254 500 1315 πύνυ
530 1251 581 1314 καί
608 1253 695 1338 φόβῳ
722 1252 911 1335 κατασχεθεὶς
941 1256 1146 1338 προκαθεδρίφ
1160 1278 1186 1319 ιο

133 1351 185 1413 τὸν
208 1350 369 1414 έπίσκοπον
391 1350 536 1431 ἐτίμησεν,
559 1348 613 1423 ἕως
635 1350 699 1412 τότε
716 1344 869 1413 Ἰουδαίων
891 1350 942 1413 καί
964 1353 1146 1433 Μανιχαίων

131 1448 377 1531 προτιμωμένων,
404 1448 454 1510 καί
481 1447 580 1528 μέντοι
606 1445 657 1509 καί
683 1447 754 1522 τούς
781 1449 966 1531 χριστιανοὺς
991 1448 1147 1530 ἀγαπήσας

133 1546 238 1609 ἔκτοτε·
254 1548 365 1609 τελείαν
386 1544 488 1608 όδειαν
508 1544 617 1609 δέδωκε
634 1551 697 1618 τοῖς
713 1548 916 1629 χριστιανίζειν
938 1546 1102 1610 ἐθέλουσιν.

201 1643 364 1724 Εύφήμιός
386 1668 430 1718 τις
451 1644 645 1727 πρεσβύτερος
668 1642 717 1705 καὶ
739 1645 947 1728 πτωχοτρόφος
969 1645 1147 1720 Νεαπόλεως
1159 1667 1198 1709 σει
1212 1668 1247 1708 τι.

133 1754 189 1823 τῆς
216 1742 352 1823 κειμένης
383 1741 416 1804 ἐν
447 1748 486 1826 τῷ
507 1736 642 1827 Ἀνύπλφ
674 1744 882 1824 προχειρίζεται
912 1744 955 1817 είς
985 1742 1147 1805 ἐπίσκοπον
1160 1765 1187 1807 ιε

134 1839 486 1921 Κωνσταντινουπόλεως,
509 1836 543 1913 ὃς
560 1839 622 1919 ἅμα
639 1848 675 1924 τῇ
693 1842 856 1926 χειροτονία
878 1840 950 1922 πρίν
970 1839 991 1921 ἢ
1009 1840 1147 1905 ἀνελθεῖν

134 1939 178 2011 είς
200 1937 232 1999 τὸ
255 1939 426 2019 σύνθρονον
448 1938 481 2001 ἐκ
503 1947 563 1999 τῶν
585 1938 673 2019 ίερῶν
695 1938 843 2019 διπτύχων
865 1938 1012 2018 ἀπηλειψε
1030 1938 1147 2023 Πέτρου

136 2046 189 2099 τοῦ
212 2040 342 2118 Μογγοῦ
363 2036 396 2098 τδ
420 2034 515 2115 όνομα
538 2042 600 2109 ταῖς
624 2036 714 2110 ίδίαις
736 2035 815 2117 χερσί
837 2036 888 2097 καί
911 2037 1005 2110 οὕτως
1032 2038 1074 2110 είς
1095 2036 1147 2099 τόν

132 2133 326 2196 έπισκοπικδν
349 2134 463 2215 θρόνον
486 2132 633 2196 έκύθισεν.
675 2126 762 2205 οὗτος
784 2131 817 2195 δὲ
837 2131 853 2195 6
872 2134 1000 2215 Μογγδς
1015 2127 1147 2208 ’Λλεξαν-

134 2232 235 2314 δρείας
258 2229 311 2310 μὲν
334 2223 374 2310 ἦν
392 2230 561 2311 ἐπίσκοπος,
584 2230 728 2311 αίρετικδς
745 2227 778 2291 δέ
796 2230 950 2313 διύπυρος.
984 2230 1147 2311 Εὐφήμιος
1160 2253 1187 2295 ιο

135 2328 267 2408 ’ζηλωτὴς
299 2318 337 2406 ἦν
369 2336 421 2407 τῆς
453 2324 620 2409 όρθοδόξοο
651 2328 775 2401 πίστεως
810 2326 860 2389 καί
894 2327 965 2401 τούς
995 2327 1148 2401 ἐναντίους

132 2426 271 2506 ἐδίωκεν,
303 2417 346 2486 ὧν
377 2434 492 2507 πρῶτος
523 2416 562 2505 ἦν
587 2421 774 2499 Ἀναστύσιος
806 2425 822 2488 6
854 2424 916 2487 τότε
947 2428 1147 2509 σιλεντιύριος,

139 2524 261 2604 ὕστερον
293 2522 325 2585 δὲ
352 2522 489 2603 βασιλεὺς
516 2524 682 2605 γενόμενος.
728 2520 764 2585 δν
790 2522 826 2585 τὰ
851 2523 1008 2604 Εύτυχοῦς
1039 2524 1147 2604 μαθὼν

136 2630 310 2703 φρονοῦντα
332 2620 383 2683 καί
406 2618 617 2703 όχλοκοιοῦντα
639 2620 714 2683 ίδότν
731 2622 786 2701 τὴν
803 2620 955 2703 καθέδραν
976 2622 1070 2685 αύτού
1091 2623 1147 2703 την

130 2719 168 2783 ,ἐν
195 2728 230 2805 τῇ
254 2719 393 2805 ἐκκλησίᾳ
420 2717 561 2801 ἀνέτρεψε
587 2718 637 2780 καί
665 2719 745 2803 αύτῷ
768 2725 897 2801 χαλεπῶς
924 2718 1051 2782 ἀπειλῶν
1078 2720 1146 2801 έδή-
1160 2742 1186 2784 τε

208 2895 320 2945 14-20
339 2890 443 2944 Theod.
463 2890 492 2943 L.
511 2891 546 2957 cf.
565 2890 690 2960 Theoph
706 2908 736 2961 p.
758 2895 822 2961 133,
842 2897 883 2946 14.
904 2922 937 2931 -
960 2896 1064 2959 20-φ.
1085 2896 1146 2959 624,

133 2968 153 3015 ,3
171 2963 205 3029 cf.
220 2961 345 3031 Theoph.
356 2977 386 3030 μ.
403 2966 463 3029 134,
478 2966 519 3016 19.

207 3109 240 3159 13
260 3104 351 3160 ἔκτοτε
368 3100 475 3159 τελείαν
492 3106 590 3174 scripsi
607 3106 742 3161 κοοκλοοί.
756 3105 858 3160 codicia
880 3105 940 3159 Vat.
956 3107 1016 3159 154.
1040 3103 1147 3158 ἐκτετι-

131 3172 212 3229 λείαν
231 3174 253 3228 Ρ
276 3175 369 3230 ἔκτοτε
386 3172 450 3229 λίαν
467 3174 527 3229 rell.
546 3208 582 3216 -
600 3181 635 3229 20
653 3174 791 3245 εύφήμιος
808 3174 840 3231 δέ
857 3173 942 3228 EGR
964 3176 1027 3244 εύφ.
1041 3173 1095 3244 γὰρ
1111 3174 1145 3229 V.

135 3278 170 3287 -
193 3252 227 3300 25
250 3245 386 3317 ἀνέτρεψε
404 3245 590 3316 ΒΕΤΙιοορλι.
615 3246 767 3316 ἀνέστρεψε
789 3246 849 3302 rell.
874 3276 910 3287 -
933 3245 1069 3315 ἐδήλωσεν
1090 3246 1146 3301 ἀκ-

134 3319 217 3372 ειλΐον
235 3318 291 3371 ΑΒ.

208 3464 224 3512 3
243 3458 430 3528 θεραπόντων
464 3457 561 3529 μόγων
583 3458 719 3514 ΡΤλιοοδ.
729 3459 853 3529 Theoph.
878 3492 912 3500 —
936 3464 970 3514 10
993 3460 1042 3514 καί
1067 3456 1146 3532 φόβφ
1183 3448 1186 3452 ’

134 3531 320 3601 κατασχεθεὶς
332 3543 383 3587 om.
397 3530 427 3585 P.
482 3530 542 3585 eod.
553 3530 678 3601 Theoph.
694 3562 727 3572 -
744 3537 777 3586 12
790 3531 828 3601 μὴ
841 3532 1052 3602 προτιμώμενοι
1066 3529 1097 3584 Ρ.
1112 3560 1146 3569 -

137 3606 243 3670 ιι-ρ.
259 3605 350 3669 εοεαε
369 3618 419 3657 om.
434 3601 464 3656 P.

193 3698 335 3751 Georgius
349 3702 507 3741 Monachus
521 3702 556 3741 ed.
572 3702 600 3742 de
613 3702 682 3742 Boor.
702 3703 733 3744 IL
878 3750 881 3755 ¹
954 3695 989 3744 40
