2617 3909
521 268 710 321 xnonnnon
1051 268 1116 333 335

110 414 303 494 παρελαύνων
321 414 373 476 τὸν
391 414 483 475 ἵππον
501 413 622 496 ἁρπάζει
639 415 706 478 τινά
723 417 845 477 νεανίαν
863 425 922 478 τῶν
937 427 1116 480 στασιαστῶν

111 513 258 593 φεύγοντα
285 512 424 592 στιβαρόν
452 511 526 573 κατὰ
551 511 584 574 τό
612 523 696 593 σῶμα
721 513 772 575 παλ
798 512 982 594 ὡπλισμένον
1009 514 1042 576 ἐκ
1064 525 1117 577 τοῦ

110 618 228 692 σφυροῦ
251 609 445 690 δραξάμενος,
475 608 580 673 ἑαυτὸν
603 610 752 685 ἐπικλίνας
774 600 827 674 τοῦ
850 612 943 674 ἵππον
966 610 1116 693 τρέχοντος

108 707 157 768 καί
180 706 232 769 τόν
249 701 395 769 Ἰουδαῖον
418 706 549 784 ἔφιππον
566 710 807 783 ιιαταδιάιωντος.
839 708 889 771 καί
906 720 1047 773 τοσούτω
1064 720 1117 792 τῆς
1131 723 1170 763 28⁷
1184 724 1213 762 M·

109 806 206 879 δεξιᾶς
228 804 316 866 τόνον
337 803 388 866 καὶ
410 813 463 866 τοῦ
485 810 591 869 λοιποῦ
612 808 745 886 σώματος
762 807 979 887 ἐπιδειξάμενος
997 805 1046 868 καί
1063 816 1116 886 τῆς
1142 828 1156 869 τ

108 906 232 983 ἴππιιτῆς
253 902 355 985 τέχνης
378 902 433 982 τήν
451 902 556 983 ἀρετήν
575 903 672 985 ὥσπερ
692 928 720 965 τι
742 905 893 984 κειμήλιον
911 897 963 984 ήκε
985 911 1025 989 τῷ
1039 907 1115 966 Καί-

106 1019 173 1082 σαρι
206 1003 333 1080 κομίζων
361 1001 412 1064 τὸν
434 1001 623 1081 αἰχμάλωτον.
670 1000 685 1063 δ
713 999 745 1063 δὲ
771 1007 855 1075 Τῖτος
881 1002 1115 1086 ὑπερθαυμάσας

107 1108 159 1179 τῆς
178 1100 279 1181 ἰσχύος
301 1100 407 1161 τούτου
426 1098 476 1159 παλ
494 1099 648 1179 δυνάμεως
665 1100 699 1162 τό
717 1098 871 1181 ἀήττητον,
895 1101 1001 1182 δώροις
1022 1100 1115 1164 αὐτόν

106 1196 237 1277 ἀμείψας
259 1198 310 1259 τόν
332 1194 487 1276 ληφθέντα
509 1196 684 1277 προσέταξεν
706 1196 910 1278 ἀναιρεθῆναι.

175 1300 234 1375 Τής
256 1294 289 1356 δέ
310 1318 342 1376 γε
365 1295 476 1367 πόλεως
498 1292 557 1356 ὑπὸ
581 1304 639 1355 τῶν
654 1288 804 1374 Ῥωμαίων
823 1297 962 1378 σφοδρῶς
979 1302 1113 1376 πορθοο-
1127 1316 1153 1357 ιο

106 1392 210 1472 μένης,
238 1391 254 1454 ό
281 1391 365 1471 λιμδς
392 1391 460 1465 τούς
487 1390 561 1453 κατὰ
583 1391 638 1471 τήν
660 1392 748 1454 πόλιν
769 1394 888 1466 πλείους
910 1402 962 1455 τοῦ
985 1391 1114 1473 πολέμου

105 1490 288 1570 διέφθειρεν·
312 1490 358 1552 διδ
380 1490 418 1569 δή
441 1488 491 1551 καὶ
509 1488 633 1567 ἀδελφοὶ
650 1489 724 1551 κατὰ
741 1489 880 1569 ἀδελφῶν
897 1490 947 1553 ιιαλ
965 1498 1114 1573 συγγενεῖς

103 1588 177 1650 τιατά
199 1597 349 1670 συγγενῶν
372 1587 505 1668 ξιφήρεις
528 1588 569 1660 εἰς
592 1588 661 1661 τοὺς
684 1588 786 1661 οἴκους
808 1588 937 1671 ἐχώρουν
955 1588 1006 1663 τάς
1023 1588 1113 1668 ἀλλή·

103 1692 163 1749 λων
190 1684 304 1768 τροφός
331 1684 516 1766 ἁρπάζοντες.
561 1684 611 1746 παλ
633 1685 687 1765 μέν
709 1709 741 1768 γε
763 1686 813 1747 ml
835 1693 972 1768 γυναῖκες
993 1686 1112 1766 ἀνδρῶν

8 1774 10 1781 “
102 1784 152 1845 παλ
183 1784 287 1857 παῖδες
318 1782 451 1864 πατέρων
482 1781 533 1844 καί
563 1782 596 1844 τδ
628 1782 818 1865 ἐλεεινότερον
849 1783 969 1867 μητέρες
995 1787 1111 1864 νηπίων
1125 1803 1150 1844 ιτ

101 1882 235 1964 ἥρπαζον
257 1880 286 1955 ἐξ
310 1881 408 1943 αύτῶν
430 1891 488 1943 τῶν
511 1881 663 1960 στομάτων
685 1880 737 1956 τάς
758 1882 871 1962 τροφὰς
892 1882 943 1944 ιιαλ
962 1889 1111 1957 παντελῶς

101 1990 160 2041 τῶν
188 1979 335 2058 φιλτάτων
363 1979 420 2041 ούιτ
449 1979 611 2058 ἐφείδοντο.
656 1979 707 2041 καὶ
732 1977 814 2041 ἀλλοι
841 1978 895 2059 μὲν
920 1976 973 2042 ὑπ’
998 1980 1112 2054 ἐνδείας

100 2077 253 2158 κεχηνότες
280 2076 377 2160 ῶσπερ
403 2077 491 2151 κύνες
518 2080 680 2150 λυσσῶντες
702 2076 881 2155 ἐσφάλλοντο
904 2077 954 2139 παλ
976 2076 1110 2158 περιεφέ-

25 2218 28 2224 ·
101 2198 186 2255 ροντο
220 2175 394 2253 μεθυόντων
426 2176 529 2255 δίκην,
561 2173 601 2248 ὣς
632 2174 683 2235 διά
713 2176 887 2256 σπλάγχνων
918 2174 968 2237 ιιαλ
995 2180 1110 2253 μυελῶν

100 2283 152 2335 τοῦ
176 2278 263 2353 λιμοῦ
289 2282 454 2355 χωροῦντος
481 2272 530 2335 παλ
552 2273 626 2353 πρὸς
649 2273 784 2334 θάνατον
806 2274 906 2352 βίαιον
928 2272 984 2352 τήν
1005 2272 1108 2353 ψυχήν
1122 2292 1149 2331 ιο

100 2370 286 2450 ἐλαύνοντος,
309 2369 391 2432 ἀλλοι
414 2369 445 2433 δὲ
468 2380 527 2431 τῶν
549 2368 700 2449 ἀθεμίτων
722 2368 898 2451 ἐφήπτοντο,
921 2362 964 2431 ὧν
982 2368 1051 2432 οὐδὲ
1073 2371 1109 2432 τά

99 2467 218 2550 ρυπαρά
250 2478 308 2531 τῶν
339 2467 454 2549 ἀλόγων
486 2469 667 2550 προσίενται,
703 2473 866 2529 τελευταῖον
898 2466 929 2530 δὲ
961 2471 1109 2551 ζωστῆρας

100 2567 299 2646 διεμασσῶντο
331 2564 381 2627 καί
408 2565 583 2645 ὑποδήματα
610 2563 660 2626 καί
687 2565 723 2627 τά
750 2564 877 2646 δέρματα
903 2576 962 2628 τῶν
988 2572 1108 2648 θυρεῶν

100 2663 213 2744 ήσθιον
236 2664 435 2747 ἀποδέροντες.
473 2664 550 2745 γυνή
574 2662 606 2724 δέ
628 2687 672 2737 τις
689 2666 798 2745 Μαρία
815 2662 946 2744 τούνομα
963 2664 1040 2746 γένει
1057 2664 1107 2726 παλ

98 2763 215 2848 πλούτῳ
238 2764 425 2843 περίβλεπτος
448 2761 480 2824 ἐν
502 2770 555 2841 τῆς
577 2762 672 2843 χώρας
693 2762 768 2842 πρὸς
789 2761 845 2841 τήν
866 2762 953 2824 πόλιν
972 2786 1106 2841 ταταφυ-
1120 2780 1148 2821 ιτ

97 2870 206 2941 γοῦσα,
239 2870 338 2921 πᾶσαν
369 2860 462 2940 αύτής
492 2858 547 2938 τήν
578 2859 706 2939 ύτταρξιν
734 2857 784 2921 καί
811 2858 862 2933 τάς
890 2860 1051 2941 διατροφὰς
1077 2862 1109 2923 οἱ

169 3018 283 3067 10-14
297 3012 353 3067 Joe.
373 3012 441 3067 Bell.
457 3012 509 3081 VI,
525 3018 575 3067 193
585 3031 622 3083 eq.
643 3044 677 3053 -
698 3018 809 3066 14-17
828 3012 892 3067 Eue.
911 3012 962 3082 111,
981 3020 1006 3082 6,
1021 3020 1045 3068 6.
1071 3047 1103 3055 -

101 3090 214 3139 11-19
233 3083 297 3137 Eue.
317 3084 367 3152 ΠΙ,
387 3089 461 3151 6,18
484 3102 497 3139 ι
523 3083 579 3139 Joe.
598 3083 669 3137 Bell.
684 3083 722 3137 VI
744 3101 785 3152 ep.
801 3089 824 3137 3.
849 3116 882 3124 -
909 3090 1020 3138 19—20
1039 3086 1103 3141 Ilus,

96 3156 133 3210 ib.
149 3162 174 3222 6,
190 3161 231 3209 23.
257 3187 289 3195 -
314 3160 429 3209 21-24
448 3156 483 3209 ib.
499 3161 524 3222 6,
540 3160 580 3208 19.
600 3186 635 3195 -
654 3160 759 3223 24-μ.
776 3159 835 3220 387,
853 3160 886 3207 14
904 3157 939 3210 tl).
960 3162 985 3224 6,
1005 3163 1036 3209 21
1048 3175 1102 3227 sqq.

167 3286 182 3332 2
203 3278 368 3347 δπλισμένον
386 3279 490 3333 ABDL
509 3286 533 3333 et
551 3296 620 3333 reoo.
639 3278 774 3334 nonnulli.
794 3311 829 3319 —
852 3284 866 3332 ’ί
885 3288 958 3342 τίτας
975 3280 1103 3336 BDFLV

94 3358 119 3406 et
142 3368 211 3405 rece.
232 3350 359 3405 nonnulli
381 3347 455 3412 τέτος
472 3350 581 3404 ΑΟΕΜ
603 3357 628 3405 et
651 3350 701 3404 elii
723 3351 916 3405 recentiorum.
941 3382 975 3391 -—
999 3358 1032 3405 14
1054 3354 1103 3407 καί

94 3422 189 3490 μέντοι
204 3422 254 3476 καὶ
272 3422 332 3475 BR.
348 3453 381 3462 —
402 3428 434 3477 15
453 3422 501 3474 ιιαλ
519 3428 582 3477 ame
599 3422 630 3476 τὸ
649 3438 700 3476 om.
714 3421 748 3475 N.
765 3453 798 3461 -
819 3426 851 3476 18
871 3421 1021 3489 ἐφάλλοντο
1041 3420 1100 3492 (ἐφ’

94 3493 151 3547 ἀλλ.
166 3494 202 3562 D)
218 3492 307 3546 NRV.
323 3525 356 3533 -
376 3498 409 3545 23
428 3491 610 3561 διεμάσσοντο
624 3493 654 3545 Μ
672 3496 843 3561 διεμασῶντο
856 3492 916 3546 DL.
933 3523 965 3531 -
983 3498 1017 3545 24
1031 3494 1102 3547 ἀπο-

94 3563 241 3633 δέρροντες
249 3564 297 3618 BV
311 3562 510 3631 ἀπεκδέροντες
518 3564 551 3617 R.
562 3596 596 3605 -
610 3563 723 3631 ἀποδέρ.
739 3562 876 3630 ήσθιονλῖ
890 3562 994 3630 ήσθιον
1008 3580 1057 3618 om.
1068 3564 1100 3617 A.

96 3667 129 3676 —
150 3634 266 3705 ὀνόματι
284 3632 370 3704 μαρέα
388 3634 434 3689 AO

891 3720 942 3773 25*
