2617 3909
199 222 263 287 762
514 223 702 275 ΓΕΩΡΙῚΟΤ
718 223 902 274 MONAXOT

198 370 249 432 καλ
270 369 438 450 ἀνηκέστως
461 368 594 448 διέκειτο,
616 372 669 431 καί
690 393 755 431 τινα
779 379 838 431 τῶν
861 375 957 448 μελῶν
975 369 1036 432 ύπδ
1056 380 1113 450 τῆς
1140 369 1234 431 ἑλκώ-

198 488 272 543 σεως
303 469 353 531 καὶ
385 470 572 550 διαβρώσεως
603 467 834 550 άπερρυηκύτων
866 469 946 551 αύτῷ
978 468 1118 541 ἐλεεινῶς
1151 468 1234 547 ἀπη-

198 568 325 647 χρείωτο.
371 565 563 647 συνεχέστατα
586 563 618 626 δέ
641 564 701 626 ύπδ
725 575 783 626 τῶν
806 565 933 648 ἐρινύων
956 565 1234 646 ἐκδειματούμενος

198 675 311 748 πικρῶς
333 687 363 726 τε
385 663 435 726 καλ
457 661 580 737 άύπνως
602 664 744 736 πολλάκις
762 662 814 724 τδν
832 663 1005 746 νυκτερινὸν
1024 664 1143 745 χρόνον
1164 664 1233 742 διη’-

173 785 279 826 σνυεν.
316 764 470 844 παρείσθω
492 761 609 824 τὰνῦν
632 760 726 844 λέγειν
748 762 780 822 τὸ
803 773 856 842 τῆς
879 763 995 842 διαίτης
1013 760 1108 840 άηδές
1130 785 1163 824 τε
1183 761 1232 823 καί

199 861 360 942 αἴσχιστον·
384 860 456 941 ὅπερ
473 859 530 942 γὰρ
547 857 586 921 ἂν
604 861 784 943 προσύραιτο
803 861 939 940 βρώσεως
958 860 995 922 ού
1014 857 1117 922 τέλεον
1139 883 1230 921 κατα-

99 981 138 1022 ωτ
152 979 183 1019 Μ.
199 956 297 1020 ποθέν
319 957 400 1039 παρὰ
419 958 490 1032 τούς
507 956 627 1038 ἐμέτους
645 958 781 1036 ἔφθανεν
799 957 1017 1038 ἐκκρινύμενον.
1055 956 1145 1020 τὸδὲ
1165 957 1230 1040 περὶ

199 1056 270 1130 τούς
291 1055 550 1138 ύπηρετουμένους
577 1056 682 1135 ίταμδν
709 1055 759 1116 καλ
781 1058 932 1136 θηριῶδες
958 1065 1012 1117 τοῦ
1035 1056 1158 1136 τρόπου
1183 1055 1230 1117 καλ

200 1164 253 1234 τῆς
275 1154 437 1236 ὑπηρεσίας
463 1154 497 1215 τὸ
520 1153 759 1234 δυσαχθέσταιον
780 1160 853 1216 ποῖα
880 1152 918 1215 άν
941 1177 984 1226 τις
1007 1155 1089 1216 εἴποι
1112 1154 1154 1215 τὰ
1180 1153 1229 1232 φεῖ

161 1276 187 1315 το
200 1275 291 1334 ροντα
318 1253 450 1332 σώματα;
479 1253 593 1330 μάστιξι
620 1252 677 1335 γάρ
704 1251 828 1331 ἑκάστης
850 1248 962 1334 ἡμέρας
984 1257 1110 1326 πολλαῖς
1137 1277 1227 1314 κατα-

201 1352 312 1425 ξαίνειν
339 1351 439 1413 αύτῶν
463 1350 499 1411 τά
524 1361 603 1412 νῶτα
630 1350 681 1411 καλ
706 1350 758 1422 τὰς
781 1348 867 1427 ὄψεις
890 1351 989 1411 παίων
1011 1350 1072 1423 πὺξ
1097 1349 1153 1412 καὶ
1178 1351 1226 1423 λὰξ

200 1449 394 1528 ἐναλλόμενος
419 1447 509 1511 ούδέν
534 1459 593 1510 τῶν
616 1448 808 1531 σαρκοβόρων
831 1449 950 1528 θηρίων
974 1449 1226 1530 φιλανθρωπότε-

201 1570 256 1630 ρον
283 1547 436 1629 έπραττεν,
463 1546 587 1626 ἐκτομὰς
615 1543 647 1606 δέ
675 1551 771 1624 μελῶν
798 1544 848 1607 καὶ
875 1544 1044 1625 ὀφθαλμῶν
1075 1548 1227 1628 πηρώσεις

201 1644 252 1706 καλ
279 1644 368 1705 τάλλα
396 1644 450 1706 ὅσα
478 1644 561 1706 δεινά
587 1643 766 1726 κολαστήρια
793 1643 843 1704 καί
870 1643 989 1726 σφαγὰς
1016 1643 1147 1717 ἀδίκους
1177 1644 1225 1705 διν·

162 1766 187 1806 τε
202 1744 283 1825 δρῶν
312 1741 425 1804 διθώων
454 1742 504 1804 καλ
533 1743 603 1816 τούς
631 1742 682 1803 διὰ
713 1741 807 1822 πυρὸς
836 1743 1032 1824 πικροτάτους
1059 1743 1225 1819 θανάτους,

202 1842 326 1920 μάλιστα
344 1838 377 1901 δέ
388 1840 473 1902 ,κατὰ
490 1850 550 1901 τῶν
569 1838 826 1923 ὀρθοδοξούντων,
849 1840 1103 1921 ἐπιδεικνύμενος,
1126 1843 1158 1901 τί
1173 1841 1222 1921 χρὴ

202 1936 253 2000 καὶ
281 1937 388 2021 λέγεινς
419 1940 451 1999 οί
476 1937 532 2020 γὰρ
560 1949 613 2019 τῆς
641 1940 750 2018 μανίας
776 1938 869 2000 αύτού
896 1938 947 2000 καὶ
970 1939 1148 2018 δυσσεβείας
1171 1940 1222 2001 ὑπ’
1291 1991 1292 2004 τ

202 2036 339 2099 ασπισταλ
367 2035 422 2098 καλ
445 2036 611 2116 δορυφόροι
637 2037 723 2119 ῥῖνας
751 2033 804 2115 μέν
827 2034 867 2109 ὡς
890 2039 1025 2109 πλείστας
1049 2035 1221 2119 ἀνθρώπιον
1291 2089 1292 2096 ,

203 2136 294 2199 ὁσίων
312 2134 541 2214 ἀποτέμνοντες,
564 2134 661 2216 ὥσπερ
683 2133 738 2213 τὴν
756 2143 809 2195 τοῦ
828 2120 1000 2217 πρδδρόμου
1019 2135 1114 2197 πάλαι
1132 2160 1221 2214 κεφα-

163 2259 189 2299 εο
203 2235 259 2314 λην
284 2229 405 2318 Ἡρώδη
435 2232 635 2313 προσέφερον,
666 2233 743 2294 ούτω
772 2231 822 2293 καὶ
851 2239 891 2315 τῷ
915 2226 965 2310 ἐφ’
990 2230 1078 2312 ἡμῶν
1104 2228 1220 2318 Ἡρώδη

204 2328 269 2395 οἷον
288 2334 386 2413 δῶρον
404 2329 464 2410 ἡδύ
482 2331 532 2392 καλ
550 2329 710 2411 ἐπέραστον
724 2330 859 2409 ἐκόμιζον
875 2329 923 2391 ἐπί
936 2331 1071 2404 πίνακος.
1106 2331 1220 2410 ὀφθαλ-

204 2441 269 2511 μών
292 2430 347 2513 γὰρ
370 2430 516 2510 ἐξορύξας
538 2427 589 2489 καλ
611 2429 760 2510 γενειάδος
783 2427 986 2509 ἐμπυρισμούς
1012 2429 1064 2489 καὶ
1090 2431 1221 2509 αἱμάτων

204 2528 334 2608 ἐκχύσεις
362 2537 562 2610 μαρτυροῦσιν
589 2528 622 2589 οί
647 2526 729 2609 μέχρι
751 2536 809 2588 νῦν
832 2526 867 2587 τά
890 2527 1024 2608 σύμβολα
1046 2527 1219 2610 περιφέρον-

203 2648 260 2704 τες,
284 2626 436 2698 θανάτους
460 2624 492 2687 δὲ
514 2627 632 2705 βιαίους
654 2625 874 2686 τῶντοιούτων
896 2624 947 2685 καὶ
968 2624 1119 2699 ἐξαισίους
1138 2623 1154 2686 ὁ
1173 2635 1219 2705 τῆς

164 2748 190 2787 ετ
204 2723 359 2802 θαλάσσης
383 2721 481 2802 βυθὸς
503 2722 664 2802 ἐπίσταται,
687 2720 738 2782 καὶ
760 2723 792 2782 οί
814 2723 896 2783 λίθοι
918 2723 1085 2804 κρώζουσιν,
1133 2721 1170 2796 ἃς
1192 2721 1218 2784 δέ

276 2875 383 2937 λο-μ.
400 2873 460 2936 763,
475 2873 509 2921 20
527 2866 647 2937 Niceph.
668 2870 685 2923 l.
700 2870 717 2922 ί.
737 2886 778 2938 ομ.
794 2874 827 2922 72
846 2867 942 2938 Migne
961 2873 1013 2923 508
1024 2869 1056 2921 A.

277 3000 293 3046 3
313 2994 431 3062 ἐρινυῶν
445 2993 470 3045 Α
490 2988 643 3060 ἐρυνίωνΟ
663 2991 837 3060 ἐρρυνίωνΙ)
858 2992 993 3060 ἐριννύων
1008 2993 1095 3045 ΒΕΜ
1114 3001 1141 3048 et
1153 3010 1216 3048 σοον.

205 3067 321 3134 quidam
344 3065 497 3133 ἐρριννύων
514 3081 585 3119 rece.
601 3063 659 3118 alii.
679 3096 714 3103 -
734 3069 749 3116 6
769 3064 840 3132 πρὸς
858 3063 957 3132 άραιτο
977 3059 1032 3133 (άρ.
1050 3063 1089 3134 Μ)
1109 3067 1154 3154 βρ.
1168 3063 1218 3118 ΜΡ

204 3136 360 3205 κροσάρετο
375 3135 451 3208 βρΕ
465 3135 523 3190 etD
538 3154 572 3190 m.
583 3140 679 3190 θεων.
704 3137 1023 3207 προσαρετοβρώσεωςΑ
1041 3135 1113 3203 πρὸς
1127 3155 1217 3202 αρετο-

206 3207 365 3280 βρώσεωςῦ
384 3208 455 3275 πρὸς
473 3207 589 3274 ἄριστον
608 3208 735 3278 βρώσεως
751 3206 783 3261 R.
805 3239 837 3247 —
858 3212 872 3259 ‘1
892 3208 1005 3277 ἐμετούς
1019 3206 1106 3260 AER.
1128 3240 1160 3247 —
1179 3208 1217 3261 ἐκ·

205 3276 370 3362 κρινόμενρς
388 3280 410 3331 Β
436 3277 631 3347 ένκρινύμενος
649 3280 674 3330 A
697 3277 864 3368 ριρινόμενον
882 3279 922 3370 Β,
935 3311 968 3318 -
990 3283 1006 3332 9
1025 3277 1217 3370 ποίαιῦὒιθΡ

205 3349 607 3486 εῘ-Βώέῖλέἷλώῗώάάῗ
621 3347 827 3490 mm}
839 3351 941 3474 ῗτῖῗλὲ
955 3349 1217 3490 βίρλὸἷὲἶατδίθύζ

208 3519 241 3526 -
260 3486 393 3555 φέροντες
411 3489 475 3540 ΒΜ.
496 3520 529 3528 -
550 3496 584 3542 25
603 3490 756 3557 κράξουσιν
776 3490 824 3544 ΟΕ
847 3491 1024 3560 παράξουσιν
1043 3493 1072 3545 Β.

281 3606 312 3650 11
332 3600 386 3661 πὺξ
405 3600 526 3667 δημοσία
545 3604 594 3656 καλ
613 3604 642 3656 Ρ.
