2617 3909
173 236 238 302 532
485 239 670 291 PmPPIOT
688 239 870 292 MONAXOT

172 396 294 467 φρονῶν
325 387 434 466 κυρίως
466 388 639 468 πεφράσθαι
671 389 757 467 φαίη.
806 389 900 466 δῆλον
926 387 982 468 γάρ
1014 387 1107 468 ἐστιν,
1140 389 1188 450 ὅτι

171 484 281 572 έκάστρν
304 486 401 570 χωρίῳ
417 483 468 546 καί
485 484 591 570 έκάστη
610 483 683 560 λέξει
700 483 721 564 ἡ
738 485 930 567 προσήκουσα
948 485 998 547 καὶ
1016 484 1188 568 ἁρμόζουσα

172 584 352 664 διασάφησις
379 582 585 666 προσαγομένη
612 583 669 663 τὴν
695 583 841 663 ἀλήθειαν
863 580 972 645 ὠδίνω.
1017 584 1188 647 εἰπάτωσαν

172 679 205 744 δέ
231 703 263 762 γε
291 680 340 742 καί
366 681 397 742 οἱ
421 681 465 754 είς
487 680 519 742 τὸ
542 682 628 763 ἀγιον
649 691 767 760 πνεῦμα
789 682 1036 761 βλασφημοῦντες
1057 681 1108 744 καλ
1130 692 1187 762 τῆς

146 779 258 852 σθείας
281 777 384 851 οὐσίας
406 778 478 842 αὐτὸ
501 781 681 862 χωρίζοντες,
704 789 768 853 πῶς
786 779 802 842 δ
820 780 894 853 θεὸς
910 778 960 841 καί
983 779 1079 860 σωτὴρ
1097 777 1186 858 ἡμῶν

171 875 408 958 έυανθρωπησας
439 877 589 958 παρέδωκε
626 877 872 960 συμπληρωτικὸν
904 871 979 939 είναι
1010 888 1063 958 της
1098 876 1186 958 ἆγίας

157 974 289 1055 ’τριάδος
312 973 344 1037 τὸ
367 975 514 1057 πανάγιον
537 985 664 1056 πνεῦμα,
686 974 737 1037 καί
754 975 787 1038 έν
804 984 840 1061 τῇ
859 974 1008 1054 ἐπικλήσει
1024 984 1078 1037 τοῦ
1095 977 1186 1037 θείου
1210 1018 1214 1022 -

171 1072 370 1152 βαπτίσματος
397 1073 454 1135 σύν
482 1073 570 1154 πατρί
596 1073 647 1136 καί
669 1075 727 1159 υίιβ
746 1073 786 1149 ὡς
808 1074 987 1155 ἐλευθεροῦν
1008 1083 1067 1134 τῶν
1089 1071 1186 1155 ἆμαρ

171 1170 308 1250 τημάτων
330 1170 400 1244 τούς
422 1171 605 1252 ἀνθρώπους
627 1171 852 1254 ἀριθμούμενον
871 1171 922 1234 καί
940 1171 989 1234 έπλ
1006 1181 1059 1252 τῆς
1081 1190 1186 1252 μυστι-

132 1289 157 1330 ιο
171 1279 227 1350 κῆς
258 1268 399 1352 τραπέζης
430 1271 463 1333 τὸ
495 1281 579 1350 σῶμα
614 1270 711 1332 ίδικὸν
742 1279 794 1350 της
825 1279 878 1332 τοῦ
909 1271 979 1331 υἱοῦ
1011 1271 1186 1353 σαρκώσεως

169 1367 357 1449 ἀποφαῖνον,
382 1379 445 1444 πῶς
467 1367 505 1430 διν
528 1370 574 1448 είη
597 1368 722 1448 ποιητὸν
744 1367 764 1449 ἢ
787 1369 902 1430 κτιστὸν
924 1367 944 1448 ἢ
968 1378 1021 1448 τῆς
1044 1369 1186 1447 δουλικῆς

170 1466 303 1547 φάσεως,
331 1459 452 1528 ἀλλὀὐ
474 1476 528 1547 τῆς
551 1468 726 1546 δεσποτικῆς
746 1465 797 1530 καὶ
819 1467 1005 1548 δημιουργοῦ
1027 1465 1076 1527 καί
1099 1467 1185 1538 βασι-

170 1566 253 1637 λίδος
279 1565 382 1638 οὐσίας
412 1563 549 1647 συγγενές
575 1564 626 1626 καλ
652 1563 814 1644 δμοούσιον
840 1564 873 1627 τὸ
896 1565 982 1646 άγιον
1003 1573 1134 1642 πνεῦμα;
1157 1565 1187 1626 εί

171 1660 228 1742 γδιρ
250 1663 373 1742 δοῦλον,
396 1661 437 1742 μὴ
460 1664 707 1744 συναριθμείσθω
730 1661 801 1741 μετὰ
822 1671 875 1724 τοῦ
898 1662 1056 1743 δεσπότου,
1084 1660 1134 1722 καὶ
1157 1662 1187 1722 εἰ

131 1777 157 1816 15
171 1759 286 1839 κτίσμα,
310 1758 351 1838 μη
374 1762 618 1841 συναριθμείσθω
637 1767 677 1845 τῷ
696 1761 805 1844 κτέστη.
841 1759 954 1839 ἥνωται
971 1759 1028 1841 γὰρ
1045 1758 1095 1820 καὶ
1113 1778 1184 1820 συν-

170 1857 351 1937 ηρδθμηται,
388 1857 489 1937 ἐπειδὴ
522 1861 561 1943 τῷ
593 1857 713 1941 ἀκριβεῖ
739 1868 798 1920 τῶν
829 1857 972 1920 τοιούτων
1005 1859 1183 1942 δογματιστῇ

170 1956 287 2039 Χριστῷ
314 1955 474 2018 πείθεσθαι
501 1957 642 2039 προσήκει
670 1957 797 2037 βεβαίως
823 1955 874 2017 καὶ
896 1955 1037 2034 ἀσφαλοῦς
1058 1955 1094 2016 τὰ
1115 1955 1185 2036 περὶ

170 2062 223 2133 τῆς
250 2054 360 2126 οἰκείας
382 2053 486 2130 οὐσίας
509 2056 695 2133 διδάσκοντι,
724 2055 752 2116 εί
772 2053 823 2115 καί
844 2061 907 2128 τοῖς
929 2054 1185 2133 πνευματομάχοις

170 2152 256 2212 δοκεῖ
274 2151 461 2234 σοφωτέρους
484 2147 559 2214 είναι
584 2152 634 2214 καί
656 2151 692 2213 τά
715 2153 840 2234 οὐράνια
861 2151 952 2214 πλέον
974 2150 1083 2214 εἰδέναι
1105 2157 1184 2212 θεοῦ

130 2269 156 2309 το
170 2249 372 2328 κομπάζοντος
393 2247 414 2330 ἢ
438 2255 549 2330 μᾶλλον
571 2256 723 2332 τολμηρῶς
746 2273 774 2312 τε
797 2248 848 2311 καί
871 2252 1020 2331 δυσσεβῶς
1041 2250 1184 2331 ῥητορεύ-

170 2369 265 2419 οντας.
316 2347 343 2407 εἰ
373 2339 429 2408 οὐν
461 2346 477 2410 ὁ
509 2352 593 2421 θεῖος
619 2347 735 2426 Δανιὴλ
767 2345 890 2430 ἀγγελον
918 2347 1103 2427 θεασάμενος
1131 2347 1183 2409 καί

169 2443 330 2522 θαυμάσας
351 2443 384 2505 τὸ
407 2445 513 2518 κάλλος
542 2445 592 2506 καί
614 2445 646 2507 τὸ
670 2444 796 2527 μέγεθος
817 2455 870 2507 τοῦ
894 2443 1043 2523 ὀφθέντος
1064 2445 1184 2524 πρηνὴς

169 2539 271 2601 έπεσεν
293 2540 445 2623 ἐκπλαγείς
467 2542 542 2624 πρὸς
564 2543 596 2605 τὸ
619 2544 789 2622 παράδοξον
810 2552 863 2622 τῆς
884 2541 967 2623 θέας,
990 2544 1080 2604 ποίαν
1097 2541 1183 2615 έξου-

241 2734 328 2783 5-20
347 2729 444 2784 Isidor.
458 2729 528 2800 Epp.
543 2730 565 2798 1,
579 2736 628 2786 109
647 2731 744 2802 Migne
758 2737 809 2786 256
817 2732 847 2786 B.
864 2763 897 2772 —
916 2738 1022 2801 21-1).
1038 2736 1124 2796 5³3‚3
1143 2733 1183 2786 ιθ,

169 2798 216 2866 ΙΠ,
231 2805 282 2855 386
301 2800 397 2871 Migne
416 2801 528 2856 10281).

242 2968 256 3014 1
276 2961 443 3032 πεφράσθαι
462 2961 541 3015 BDP
568 2962 806 3032 περιφράσθαιΛ
828 2963 1059 3034 περιπεφράσθαι
1078 2962 1183 3017 GEFV

169 3033 234 3099 περί
255 3052 284 3089 τε
308 3033 438 3104 φράσθαι
457 3032 482 3087 G
504 3033 736 3103 περιφράσασθαι
758 3035 791 3089 R.
816 3065 849 3076 -·
877 3041 893 3088 5
914 3036 985 3106 πῶς]
1008 3035 1033 3090 εί
1055 3034 1120 3089 Isid.
1146 3067 1181 3076 —

170 3107 185 3155 ’ί
205 3100 288 3159 θείου
318 3103 401 3173 ἁγίου
421 3104 515 3160 clsid.
536 3136 568 3145 —
589 3111 620 3160 11
641 3115 701 3168 πῶς
718 3107 750 3161 δέ
769 3103 805 3161 ἀν
823 3106 906 3160 ABV.
926 3139 959 3147 -
985 3111 1018 3160 14
1036 3106 1061 3161 εί
1079 3102 1182 3175 κτίσμα

170 3175 230 3298 ξορα.
249 3179 308 3300 uba)
327 3175 431 3302 OD&
460 3176 486 3232 εί
507 3175 539 3232 δέ
562 3174 662 3246 κτίσμα
680 3177 712 3230 R.
738 3208 771 3218 —
796 3182 828 3231 19
852 3176 1022 3247 σοφωτέροις
1039 3176 1124 3231 ERV.
1145 3209 1181 3218 —

223 3263 261 3313 πρ
280 3267 293 3308 ς
311 3263 361 3301 om.
429 3292 434 3303 .

243 3409 258 3458 5
282 3402 380 3469 οὐσίας
401 3403 621 3476 ἀποχωρίζοντες
643 3409 791 3477 sprsmpto
816 3410 888 3465 inter
911 3427 977 3465 vers.
999 3409 1067 3463 αὐτο
1090 3409 1120 3462 Ρ.
1144 3440 1182 3449 -

171 3480 187 3529 θ
202 3474 344 3544 ἁμαρτιῶν
358 3475 450 3530 ΡΙείἀ.
467 3507 500 3518 -
520 3478 615 3539 θεοὺς
629 3479 802 3546 ἀνθρώπους
817 3497 867 3534 om.
882 3480 980 3535 PIsid.
995 3512 1028 3521 -
1047 3486 1080 3535 14
1093 3480 1180 3546 ἀριθ·

166 3543 277 3615 μείσθω
305 3546 400 3600 Plsid.
426 3578 459 3587 -
489 3553 521 3602 15
545 3545 701 3618 συγκείσθω
725 3549 820 3605 ΡΙείδ.
844 3583 879 3592 -—
908 3558 941 3607 18
967 3553 992 3607 εί
1018 3568 1067 3606 om.
1091 3550 1120 3603 P.
1145 3583 1182 3592 --

167 3622 204 3673 ‚21
224 3619 304 3681 θεῖος
322 3619 370 3672 καλ
389 3617 477 3686 σοφὸς
494 3617 523 3672 Ρ.
544 3650 577 3659 -
596 3624 630 3671 22
648 3619 680 3672 τὸ
700 3627 764 3676 ante
781 3619 901 3691 μέγεθος
918 3641 968 3678 om.
983 3623 1011 3676 P.
