2617 3909
181 243 247 311 534
494 247 681 302 mmor
698 247 881 300 nomm*

179 388 362 479 ’Λρειανικδν
385 394 528 478 φρόνημα
550 394 730 477 παρασορελς
746 395 928 475 κατεβιύζετο
946 395 1000 457 τδν
1016 398 1104 456 θεῖον
1120 388 1197 456 Ἀλέ-

182 492 310 573 ξανδρον
332 492 675 565 Κωνσταντινοοπόλεως
697 491 840 567 δέξασθαι
862 493 914 555 τδν
930 487 1047 574 ’Ἀρειον
1069 492 1113 566 εές
1134 515 1197 554 κοι-

182 590 304 652 νωνίαν.
342 599 396 652 τοῦ
419 588 452 652 δέ
475 590 516 670 μη
539 589 719 671 ἀνεχομένου
741 596 899 673 παντελῶς,
921 589 995 652 ἀλλὰ
1017 590 1196 670 φάσκοντος·
1308 575 1309 650 f

182 687 249 770 ἐγώ,
272 688 408 768 βασιλεύ,
430 687 482 750 τὸν
505 687 564 751 όπὸ
587 697 647 750 τῶν
669 685 732 768 κη’
753 687 888 772 πατέρων
909 686 1126 769 κατακριθέντα
1148 685 1199 748 κοιλ
1308 679 1309 770 ]

156 783 459 863 σάναθεματισθέντα
490 784 633 860 δέξασθαι
664 786 701 848 ού
732 787 875 866 δύναμαι·
908 785 968 867 ἔφη
1000 785 1017 848 δ
1046 786 1196 866 βασιλεύς·
1308 777 1309 802 ’

184 883 248 964 ὅρα,
272 875 295 944 ἀ
318 881 467 964 ἐπίσκοπε,
491 885 531 964 μδ]
555 882 636 947 όίκων
659 883 729 968 δέξη
752 883 855 946 αύτόν·
884 884 952 946 ίδού
974 883 1030 967 γὰρ
1052 883 1104 944 καί
1126 883 1198 944 σύν

185 981 258 1042 οδον
275 978 411 1042 ἐκέλευσα
428 981 568 1063 γενέθθαι
585 982 660 1065 πρὸς
677 983 710 1045 τὸ
727 988 941 1063 γυμνασθῆναι
956 981 992 1043 τὰ
1009 976 1081 1063 παρ’
1101 977 1199 1043 ἐκατέ-

84 1102 124 1142 ιοτ
139 1101 169 1142 Μ.
184 1101 246 1159 ρων
268 1076 354 1158 ὑμῶν
376 1077 588 1162 ἀκριβέστερον.
635 1078 651 1141 δ
675 1078 708 1142 δέ
729 1081 815 1161 ἀγιος
834 1079 995 1154 ἐπίσκοπος
1008 1075 1199 1161 Ἀλέξανδρος

185 1173 292 1257 ἀνέστη
315 1176 410 1252 εὐθὺς
431 1177 482 1241 καί
505 1178 630 1259 ἐξῆλθεν
651 1177 712 1240 ἀπὸ
734 1179 895 1260 προσύποο
914 1187 968 1240 τού
990 1176 1131 1258 βασιλέως
1153 1175 1199 1238 λέ-
1307 1182 1308 1247 ξ

145 1297 171 1338 ιο
184 1291 258 1356 γων·
286 1275 319 1337 τὸ
346 1273 465 1357 θέλημα
491 1277 598 1355 κορίοο
625 1273 766 1357 γενέσθω.
810 1275 861 1337 καί
888 1274 987 1337 ἐλθὼν
1008 1275 1052 1349 είς
1072 1273 1129 1354 τὴν
1151 1272 1199 1336 ἐκ-
1307 1316 1308 1319 ¹

185 1375 310 1454 κλησίαν
336 1374 387 1436 καί
414 1372 561 1437 ἐπιπεσὼν
587 1381 627 1458 τῷ
651 1372 725 1459 ἇγίηι
751 1375 955 1458 θυσιαστηρίῳ
983 1367 1023 1435 δι’
1049 1372 1120 1453 ὅλης
1145 1380 1200 1452 τῆς

184 1473 292 1546 νυκτὸς
318 1471 390 1552 ἐβόα
416 1472 492 1554 πρὸς
517 1471 569 1534 τὸν
596 1471 672 1534 θεὸν
695 1471 765 1552 μετὰ
788 1473 927 1555 δακρύων
949 1471 1053 1553 λέγων·
1076 1471 1160 1552 κύριε
1183 1468 1199 1531 δ

185 1571 267 1650 θεός,
291 1568 331 1650 μὴ
355 1570 547 1654 σογχωρύσης
569 1575 608 1654 τῷ
627 1568 748 1632 ἀναιδεῖ
762 1571 842 1654 λύκῳ
859 1568 910 1632 καὶ
927 1569 1038 1651 ἀρπαγι
1055 1569 1201 1630 εἰσελθεῖν

186 1667 228 1739 εἰς
255 1666 310 1746 την
338 1663 455 1748 [όιγίαν]
482 1666 639 1747 ἐκκλησίαν
668 1686 738 1749 σου,
761 1666 834 1730 ἀλλὰ
857 1669 980 1730 δίκασον
1002 1666 1126 1742 ἐνδίκως
1148 1667 1200 1728 τὸν

147 1779 172 1826 1'5
186 1762 291 1826 ἀδικον
318 1763 352 1826 ἐν
380 1764 466 1845 τύχει.
511 1774 547 1850 τῇ
575 1763 607 1827 δέ
634 1765 778 1847 ἐπαύριον
804 1775 857 1846 τῆς
884 1764 1015 1827 σονόδον
1038 1783 1201 1846 σογκροτη-

187 1863 292 1942 θείσης
319 1859 352 1922 ἐν
379 1870 414 1947 τῇ
441 1861 593 1948 ἐκκλησίᾳ,
622 1859 775 1946 δ”Αρειος
800 1862 956 1945 ἐρχόμενος
983 1861 1053 1942 μετδι
1079 1862 1202 1924 πάντων

187 1969 246 2022 τῶν
269 1958 448 2040 δμοφρόνων
470 1960 563 2023 αύτού
586 1961 725 2041 εἰσῆλθεν
748 1959 788 2035 ὡς
810 1961 861 2022 διὰ
880 1963 980 2044 χρείαν
1002 1970 1055 2041 τῆς
1076 1961 1202 2042 γαστρδς
1307 1978 1308 2003 1

188 2059 230 2134 είς
253 2053 337 2122 οἶκόν
359 2080 439 2133 τινος
463 2057 589 2121 όπισθεν
610 2068 665 2120 τοῦ
683 2061 791 2141 φόρου,
813 2058 846 2121 ἐν
864 2047 889 2143 ᾧ
906 2058 997 2145 τόπιμ,
1019 2058 1143 2121 κατὰτὸ
1162 2059 1202 2138 δὴ
1307 2062 1308 2071 ’

187 2153 361 2236 λεγόμενον,
388 2155 506 2238 πρηνὴς
530 2155 689 2238 γενόμενος
713 2156 856 2237 ἐξαίφνης
883 2155 995 2218 ἐλύκισε
1022 2155 1123 2237 μέσος,
1152 2155 1203 2217 καί

148 2277 175 2317 ω
189 2251 315 2333 ἐξεχύθη
333 2252 368 2314 τδι
382 2254 533 2335 σπλάγχνα
551 2253 645 2317 αὐτοῦ
657 2255 764 2335 πάντα,
784 2253 834 2316 καί
848 2253 1024 2337 ἀμφοτέρων
1042 2253 1203 2335 διήμαρτεν
1307 2270 1308 2273 ’

189 2348 205 2412 ὁ
229 2351 369 2430 δείλαιος,
392 2361 445 2432 τῆς
467 2375 497 2414 τε
519 2354 679 2426 κοινωνίας
700 2352 751 2414 καί
772 2361 826 2433 τῆς
847 2353 1002 2433 παρούσης
1024 2355 1108 2431 ζωῆς.
1151 2351 1203 2412 καὶ

262 2536 334 2583 16-
337 2548 367 2600 γ.
383 2536 475 2598 535,4
494 2530 661 2588 Theodoret.
679 2533 751 2588 nist.
774 2533 840 2588 οοοΙ.
860 2533 930 2600 113
948 2549 982 2587 επ
999 2531 1136 2587 Αελιοαεω.
1150 2532 1203 2602 Ep.

189 2600 226 2654 ad
246 2599 433 2671 Serapionem.
1137 2599 1146 2617 ⁰

261 2758 278 2804 4
296 2752 352 2808 όπδ
370 2761 426 2808 τῶν
444 2751 502 2822 τιη’
516 2753 594 2808 BGP
616 2763 672 2810 τῶν
690 2771 741 2810 σοι.
755 2754 816 2809 rell.
830 2785 865 2795 -
886 2761 919 2809 10
937 2763 987 2809 τοῦ
1005 2751 1104 2820 κορίοο
1122 2752 1204 2807 BRV

188 2831 238 2877 τοῦ
256 2827 327 2879 θεοῦ
346 2823 375 2878 δ’.
401 2856 435 2865 -
460 2830 493 2879 12
512 2825 580 2894 μετὰ
603 2827 735 2895 δακρύων
758 2844 808 2882 om.
827 2826 857 2880 F.
879 2858 912 2866 -
936 2824 1023 2897 λέγων
1046 2832 1111 2880 ante
1133 2824 1205 2892 πρὸς

188 2895 238 2950 τὸν
251 2895 322 2951 θεὸν
336 2897 387 2951 κιο.
404 2895 431 2949 N
450 2903 514 2951 ακόε
527 2897 596 2966 μετὰ
609 2897 740 2965 δακρύων
749 2895 783 2951 V.
799 2929 832 2937 -
852 2901 886 2950 14
904 2893 991 2967 ἁγίαν
1004 2914 1054 2952 om.
1069 2895 1152 2950 DFP.
1167 2927 1204 2936 -

191 2971 223 3020 18
243 2965 362 3023 όπισθεν
381 2967 509 3021 BEFPR
531 2967 634 3024 ὄπιθεν
651 2969 713 3024 rolL
729 3001 762 3009 -
782 2972 816 3022 19
835 2967 908 3023 ἐλύκ.
922 2967 1012 3037 μέσως
1028 2965 1163 3037 ἐξαίφνης
1175 2967 1204 3020 Ν

190 3035 325 3108 ἐξαίφνης
338 3055 388 3094 σοι.
403 3040 485 3093 11-
504 3037 611 3094 ἐλάκισε
624 3039 705 3094 DFV
723 3037 839 3108 ἐλύπησε
851 3038 1017 3094 ABOEMP
1035 3038 1166 3108 ἐλάκκησε
1181 3038 1204 3091 L

190 3107 328 3173 ἐξελάκισε
338 3112 410 3179 (-ησε
421 3109 454 3180 G)
465 3109 526 3165 GR.
538 3142 572 3151 -
582 3110 670 3180 μέσως
684 3109 795 3165 OELN.
805 3143 838 3151 -
853 3116 887 3164 20
902 3110 1021 3181 ἐξεχύθη
1033 3110 1070 3165 τὰ
1079 3109 1158 3180 (στὰν
1169 3108 1204 3179 Ρ)

191 3181 250 3233 σπλ.
266 3181 352 3235 αὐτοῦ
370 3180 465 3236 πάντα
483 3179 531 3235 ΑΡ
554 3181 674 3253 ἐξεχύθη
693 3181 787 3238 πάντα
804 3181 841 3236 τὰ
859 3184 919 3237 aaz.
935 3182 1022 3236 αὐτοῦ
1040 3181 1101 3236 τελλ.

207 3340 209 3345 ’
262 3345 278 3392 ό
298 3356 384 3409 φησιν
402 3339 432 3394 Ρ.
450 3372 485 3381 -
504 3347 519 3396 8
539 3341 555 3396 ό
574 3333 606 3396 δέ
624 3340 795 3411 ἀλέξανδρος
811 3341 936 3406 ἀναστὰς
953 3342 1041 3406 εὐθὺς
1059 3340 1159 3410 ἐξῆλθε
1172 3341 1203 3394 Ρ.

191 3441 225 3449 -
250 3414 283 3463 10
302 3407 424 3480 γινέσθω
443 3411 472 3467 P.
497 3444 531 3453 -
561 3418 647 3466 11.12
671 3418 709 3486 τῷ
728 3418 856 3469 θοοιαοτ.
875 3413 947 3482 πρδς
967 3413 1018 3469 τόν
1039 3412 1111 3468 θεὸν
1135 3409 1204 3483 ἐβόα

192 3479 260 3550 μετὰ
278 3479 391 3548 δακρύω
411 3483 469 3552 (sic)
488 3479 554 3552 όλην
572 3483 624 3554 τὴν
642 3485 730 3539 νύκτα
748 3482 835 3554 λέγων
853 3483 883 3538 Ρ.
903 3517 938 3525 -
960 3491 994 3538 16
1014 3483 1029 3538 ό
1047 3483 1142 3551 ἀρειος
1159 3482 1204 3536 ἐκ-

192 3549 349 3622 δεχομένων
368 3551 455 3607 αάτδν
473 3553 588 3608 πάντων
606 3552 766 3624 ἐρχόμενος,
784 3553 822 3618 ὥς
840 3572 910 3625 φησι
925 3556 1117 3625 θεοδάρητος,
1135 3553 1205 3624 μετὰ

192 3631 248 3677 τῶν
267 3621 367 3692 όμοφρ.
383 3622 512 3691 εἰσῆλθεν
531 3624 560 3677 P.
580 3655 613 3664 -
634 3630 667 3678 18
687 3626 727 3689 εἰς
745 3621 825 3682 οἶκόν
842 3646 919 3692 τινος
938 3644 987 3683 σοι.
1002 3626 1032 3680 Ρ.
