2617 3909
187 212 252 276 390
496 212 881 265 rnnmonnonnxon

187 371 283 423 νῶτον
301 360 399 423 αύτών
418 359 468 423 διὰ
485 359 595 433 παντὸς
611 360 799 442 σύγκαμψον.
836 358 935 440 ἔκχεον
952 355 998 421 ἐπ’
1015 360 1124 434 αὐτοὺς
1141 361 1196 440 την

187 456 280 540 ὀργήν
303 478 373 540 σου,
398 456 448 520 καί
471 456 487 519 6
510 457 609 538 θυμὸς
630 468 684 538 τῆς
707 455 797 539 ὀργῆς
819 475 874 519 σου
896 458 1056 539 καταλάβοι
1077 458 1197 539 αὐτούς,

186 556 237 619 καὶ
259 558 390 638 πρόσθες
412 555 539 636 ἀνομίαν
562 555 610 618 ἐπὶ
623 556 684 634 ’τὴν
701 554 830 635 ἀνομίαν
848 555 956 636 αὐτῶν,
978 555 1030 617 καί
1048 556 1088 635 μη
1107 557 1195 618 εἰσελ-

186 654 321 717 θέτωσαν
352 653 385 716 ἐν
417 654 593 738 δικαιοσύνῃ
625 671 689 715 σου.
739 653 998 732 ἕζαλειφδήτωσαν
1028 652 1060 715 ἐκ
1091 655 1197 735 βίβλου

161 753 304 826 σζώντων
327 752 376 813 καί
399 751 470 832 μετὰ
493 753 616 813 δικαίων
635 751 676 831 μὴ
695 750 903 833 γραφήτωσαν.
939 753 1001 812 καί·
1026 751 1196 834 διασκόρπι-
1300 769 1301 826 ,

188 868 241 911 σον
259 848 369 921 αύτούς
387 848 419 909 ἐν
437 857 472 934 τῇ
492 849 616 928 δυνάμει
635 866 690 910 σου
708 848 759 909 καὶ
776 849 920 928 κατάβαλε
938 848 1057 929 αύτούς,
1078 848 1196 929 δδπερ

187 946 330 1025 ασπιστής
351 969 410 1025 μου
433 947 526 1028 κύριε,
548 945 598 1008 καλ
621 946 881 1025 συλληφθήτωσαν
903 946 936 1007 ἐν
953 956 989 1032 τῇ
1007 946 1198 1032 ὑπερηφανία

187 1043 296 1124 αὐτῶν,
319 1044 351 1105 ἐν
370 1042 443 1130 ὀργῇ
463 1046 637 1124 συντελείας,
655 1042 706 1105 καλ
724 1043 762 1105 ού
780 1043 821 1123 μη
840 1043 1033 1125 δπάρξουσιν,
1054 1044 1104 1107 καί
1121 1046 1196 1127 γνώ-

188 1161 290 1204 σονται
317 1142 361 1203 ὅτι
388 1141 404 1204 δ
432 1141 504 1215 θεὸς
533 1143 665 1216 δεσπόζει
692 1151 746 1203 τοῦ
770 1136 874 1223 Ἰακώβ
902 1142 953 1203 καί
979 1154 1039 1205 τῶν
1065 1144 1199 1223 περάτων
1300 1138 1301 1155 ’

149 1262 174 1302 ιο
188 1248 240 1319 τῆς
267 1249 336 1321 γῆς,
363 1234 412 1318 ἐφ’
438 1232 475 1319 ἧς
503 1240 660 1320 δήπουθεν
687 1239 894 1322 διασπαρέντες
923 1238 1045 1315 ἐνδίκως
1074 1240 1198 1323 ἐπιγνώ-

188 1355 289 1399 σονται
311 1339 428 1411 πάντως
452 1339 496 1399 ὅτι
518 1339 589 1411 θεός
613 1338 691 1400 ἐστιν
714 1338 730 1401 6
753 1338 867 1421 χριστὸς
893 1348 946 1400 τοῦ
968 1338 1078 1420 πατρὸς
1100 1338 1200 1401 αὐτῶν

185 1422 290 1516 Ἰακώβ
318 1435 367 1496 καί
396 1436 543 1517 κυριεύσει
570 1435 605 1496 τά
632 1437 789 1515 σύμπαντα
811 1435 861 1497 καλ
884 1435 1066 1498 ἀποδίδωσιν
1089 1436 1199 1522 ἑκάστῳ

189 1532 262 1593 κατὰ
285 1531 320 1594 τδι
342 1533 413 1614 ἔργα
435 1533 535 1595 αὐτοῦ.
572 1534 649 1595 ούτω
672 1556 704 1614 γε
722 1534 782 1613 μὴν
800 1533 851 1595 καί
870 1533 886 1595 6
904 1535 1082 1616 θεοφάντωρ
1101 1539 1199 1596 Μωϋ-
1301 1517 1302 1580 ί

190 1639 245 1710 σῆς
272 1630 556 1711 προκαθαπτόμενος
582 1629 632 1693 καλ
660 1632 837 1710 στηλιτεύων
867 1630 945 1710 ὑμᾶς
972 1631 1012 1705 ώς
1039 1632 1201 1713 βδελυροὺς
1301 1635 1302 1700 T

151 1750 175 1791 ιι
189 1728 239 1791 καί
262 1727 397 1811 άφρονάς
417 1751 447 1790 τε
470 1728 520 1790 καὶ
541 1727 717 1810 ἀγνώμονας
744 1729 815 1809 ἔφη
847 1727 934 1790 τέκνα
957 1729 1093 1810 μωμητά,
1116 1729 1202 1812 γενεὰ

191 1826 292 1889 σκολιά
314 1826 364 1888 καὶ
387 1825 609 1908 διεστραμμένη,
637 1835 728 1888 ταῦτα
750 1828 843 1911 κυρίην
866 1826 1091 1905 άνταποδίδοτες
1115 1820 1202 1899 οὗτος

191 1925 260 1998 λαὸς
288 1925 385 2006 μωρὸς
412 1924 461 1985 καί
489 1923 555 2005 οὐχὶ
582 1924 683 2003 σοφός.
730 1924 785 1985 οὐκ
808 1924 896 1999 αὐτὸς
919 1918 1006 1998 ούτός
1028 1942 1082 1987 σου
1105 1926 1202 2008 πατὴρ

191 2022 330 2102 ἕκτήσατύ
353 2040 384 2085 σε
407 2021 454 2083 καί
480 2021 599 2102 ἐποίησέ
622 2041 652 2083 σε
675 2021 725 2083 καὶ
748 2021 853 2083 ἔπλασέ
875 2040 920 2099 σε;
944 2022 1107 2085 κάντεῦθεν
1125 2023 1203 2084 εἰκό-

191 2144 247 2195 τως
271 2120 365 2199 φησίν
388 2119 404 2183 6
428 2119 511 2193 θεός·
540 2115 638 2200 εἷπον,
663 2121 809 2199 διασπερῶ
832 2120 956 2200 αύτούς,
983 2120 1087 2181 παύσω
1110 2119 1148 2198 δη
1172 2120 1203 2194 ἐξ

153 2240 178 2278 εο
192 2217 363 2301 ἀνθρώπων
389 2217 422 2279 τδ
450 2218 643 2297 μνημόσυνον
656 2217 777 2279 αὐτῶν.
808 2217 873 2278 ’καί
895 2215 994 2296 μέντοι
1015 2216 1065 2278 καί
1088 2215 1104 2278 6
1127 2222 1204 2278 κλει-

192 2315 245 2389 νὸς
266 2310 405 2397 Ἱερεμίας
436 2321 546 2395 μᾶλλον
574 2317 746 2395 σαφηνίζων
775 2317 819 2388 τίς
850 2308 937 2388 ούτός
963 2314 1041 2377 ἔστιν
1068 2314 1084 2378 6
1112 2324 1205 2375 ταῦτα

192 2412 354 2487 πεπονθὼς
380 2408 435 2491 ὑφ’
455 2412 541 2493 ὑμῶν
568 2414 658 2498 ἐκβοᾷ
685 2411 789 2495 λέγων·
820 2422 936 2494 πνεῦμα
962 2414 1020 2495 πρὸ
1042 2414 1205 2494 προσώπου

194 2507 279 2590 ἡμῶν
300 2510 413 2591 χριστὸς
435 2511 537 2593 κύριος
560 2511 736 2589 συνελήφθη
762 2510 795 2572 ἐν
817 2517 881 2584 ταῖς
903 2513 1086 2593 διαφθοραῖς
1108 2507 1207 2590 ἡμῶν,

195 2602 231 2673 οὗ
258 2609 392 2687 εἴπαμεν·
423 2609 455 2670 ἐν
482 2617 517 2693 τῇ
546 2614 613 2692 σκιᾷ
642 2608 735 2670 αὐτοῦ
763 2608 913 2688 ζησόμεθα
940 2608 972 2671 ἐν
994 2615 1055 2683 τοῖς
1076 2608 1206 2669 ἔθνεσιν.

155 2728 180 2767 τε
194 2715 316 2767 τοιαῦτα
342 2715 417 2788 γοῦν
443 2704 492 2767 καί
516 2704 661 2785 Σολομὼν
687 2698 778 2779 αὖθις
803 2704 835 2767 ἐκ
857 2707 1016 2786 προσώπου
1039 2705 1124 2786 ὑμῶν
1146 2716 1208 2767 τῶν

99 2827 137 2867 ωε
152 2826 183 2865 M.
197 2802 354 2883 θεομάχων
373 2803 538 2885 διαρρήδην
556 2804 748 2885 προαγορεύει
766 2804 902 2882 φάσκων·
921 2804 1136 2885 ἐνεδρεύσωμεν
1153 2805 1208 2867 τὸν

267 3008 283 3056 5
297 3001 399 3055 Psalm.
411 3006 444 3056 58
459 3003 523 3072 (59),
534 3007 646 3056 12-14.
662 3034 696 3043 —
713 3009 744 3057 12
759 3002 943 3070 Prov.24,12.
959 3034 992 3042 —
1009 3008 1041 3056 15
1055 3002 1207 3057 Deuteron-

197 3079 239 3142 εν,
251 3079 280 3139 5;
295 3078 318 3126 6.
335 3104 368 3113 -
385 3078 417 3126 19
437 3074 471 3128 ιο.
487 3090 510 3127 ν.
526 3079 568 3128 ει.
584 3105 618 3114 -
633 3080 666 3129 22
681 3074 781 3130 Thxen.
797 3079 822 3142 4,
837 3079 879 3127 νο.
895 3105 928 3114 -
943 3080 977 3127 νο
992 3072 1056 3143 Sap.
1072 3078 1097 3140 ε,
1108 3078 1207 3141 12sqq.

269 3239 283 3287 1
308 3233 454 3303 σύγκαψον
468 3231 585 3287 BGNR.
601 3265 635 3275 -
655 3240 670 3287 6
690 3233 830 3304 κατάφαγε
843 3232 976 3286 BPsalm.
992 3264 1025 3272 -
1048 3231 1208 3299 Βύπάρξω-

197 3321 242 3358 σιν
260 3303 314 3358 Ac.
334 3336 369 3345 -
393 3310 425 3358 12
445 3305 567 3373 κυριεύει
586 3304 666 3359 OFR.
686 3337 719 3346 -
742 3311 775 3359 15
794 3305 842 3359 καί
860 3311 924 3358 ουλε
942 3304 1071 3372 ἄφρονας
1088 3320 1138 3357 om.
1157 3302 1210 3356 BV

196 3395 226 3430 τε
245 3376 293 3429 καί
312 3375 441 3467 ἄφρονας
459 3376 507 3430 καί
523 3376 545 3429 F
564 3377 612 3431 καλ
631 3376 760 3446 άφρονας
777 3376 826 3430 καί
845 3375 874 3428 L.
893 3406 928 3415 —
949 3380 982 3429 18
1001 3372 1089 3441 ἐκτήσ.
1109 3391 1139 3427 σε
1157 3375 1210 3427 καὶ

196 3446 284 3501 ουιἜ
308 3446 433 3502 ίκτισατο
451 3447 542 3500 ΑΒΜ.
566 3479 599 3487 -
624 3453 658 3500 22
678 3445 745 3518 ἐβόα
762 3446 797 3499 N.
819 3478 853 3486 -
876 3447 999 3514 προσώπ.
1018 3446 1096 3513 ὑμῶν
1114 3444 1167 3498 NV
1183 3451 1211 3498 et

197 3533 267 3571 rece.
287 3519 423 3573 nonnulli,
447 3550 481 3559 —
506 3524 538 3571 23
558 3521 661 3586 διαφδ.
680 3520 758 3588 ὑμῶν
776 3516 896 3570 BMRV.
921 3548 955 3556 -
978 3521 1012 3568 24
1036 3512 1068 3569 ού
1093 3515 1211 3584 εἴπομεν

199 3590 293 3658 (-ωμεν
312 3589 351 3659 Μ)
370 3590 423 3645 NV
446 3584 478 3645 06
498 3589 550 3643 οὐκ
568 3588 683 3658 εἴπομεν
701 3588 734 3643 R.
755 3620 787 3628 -
808 3593 841 3641 26
860 3586 1059 3658 προσαγορεύει
1079 3584 1136 3639 CR.
