2617 3909
184 224 249 290 738
500 226 689 278 ΓΕΩΡΙῚΟΤ
706 228 889 280 MONAXOT

184 374 266 456 παρά
279 392 345 454 σου,
358 375 490 455 κράτιστε
503 376 635 455 βασιλεῦ,
647 375 699 436 ἵνα
711 376 763 438 τὸν
776 385 945 458 χαρακτῆρα
958 386 1012 438 τοῦ
1022 379 1204 457 Ναζωραίου

186 477 317 554 Χριστοῦ
333 472 384 534 καλ
396 481 450 552 τῆς
462 471 573 553 μηιρός
591 473 685 534 αὐτοῦ
699 474 824 559 Μαρίας
837 473 870 535 ἐκ
886 474 984 552 πάσης
1002 473 1204 554 ἐκκλησιαστι-

184 581 241 651 κῆς
259 572 388 652 ἱστορίας
405 569 581 654 ἀπαλελφης.
618 569 773 632 καὶτοῦτο
792 581 887 633 ποιῶν
906 569 1017 650 μέλλεις
1035 573 1205 651 βασιλεύειν
1285 591 1286 660 3

184 667 251 749 άχρι
265 669 379 750 χράνοιν
393 667 498 730 ἕκατόν
511 667 544 730 ἐν
557 677 593 753 τῆ
607 674 693 753 γενεᾷ
713 687 777 732 σου.
810 667 826 730 ὁ
841 667 874 732 δὲ
887 669 1004 749 εὐήθης
1018 669 1068 731 ιιαλ
1082 669 1205 751 ἀστήρι-
1285 683 1286 754 j

156 789 169 828 τ
183 788 251 839 κτος
264 775 300 850 τῆ
312 766 407 828 πίστει
421 765 518 845 ὥσπερ
529 765 588 826 ὑπὸ
602 764 702 843 ὀφειον
717 772 779 840 τοῖς
791 766 860 829 δυσί
874 777 1018 849 μυκτῆρσι
1032 769 1206 846 πιεζόμενος
1285 819 1286 860 χ

182 862 352 944 ἕτοιμάτατα
370 863 403 925 τὸ
421 861 547 942 αίτηθέν
565 863 706 926 ἐπιτελεῖν
726 863 937 947 ἐπαγγέλλεται.
974 861 998 924 ὢ
1017 875 1070 944 τῆς
1089 864 1204 944 ἀνοίας,
1285 905 1286 952 3

183 957 207 1020 ὢ
225 969 278 1042 τῆς
297 963 537 1041 φρενοβλαβείας.
575 959 879 1043 ὁχριστιανικώτατος
897 961 1036 1041 βασιλεὺς
1049 957 1205 1044 Ἑβραίοις

183 1057 374 1133 ὑπόσπονδος
396 1057 502 1139 ὤφθη,
525 1058 541 1122 ὅ
564 1058 601 1121 τά
619 1069 754 1142 σκῆπτρα
776 1069 829 1139 τῆς
851 1061 1006 1140 βασιλικῆς
1029 1061 1205 1134 δυναστείας

185 1154 245 1217 ὑπὸ
264 1162 340 1218 θεοῦ
358 1155 603 1240 ἐγκεχειρισμένος
620 1156 681 1219 ὑπὸ
701 1158 858 1238 θεομάχεον
877 1155 996 1239 ἀνδρῶν
1014 1157 1204 1239 τερατεύεται.

143 1279 171 1320 ιο
249 1248 405 1336 Ἐοιμανελς
427 1247 483 1317 οὖν
510 1255 584 1317 κατὰ
607 1264 660 1334 τῆς
683 1254 780 1336 ὀρθῆς
803 1273 832 1317 ’τε
859 1254 909 1316 καὶ
938 1254 1135 1336 ἀρχαιοτάτης
1158 1259 1204 1316 πί-

183 1371 273 1427 στεως
287 1353 543 1433 μεταστειλάμενος
561 1353 614 1414 τὸν
627 1352 767 1433 ἀοίδιμον
781 1352 934 1435 Γερμανὸν
952 1355 1004 1416 τὸν
1020 1355 1205 1437 πατριάρχην

183 1449 293 1534 ήρξατο
312 1452 544 1533 προστρίβεσθαι
562 1451 642 1536 αὐτῷ
665 1450 716 1512 καί
734 1449 904 1530 μέμφεσθαι
927 1452 1041 1525 πάντας
1059 1453 1131 1526 τοῦς
1150 1453 1205 1534 πρὸ

82 1575 122 1615 σου
138 1574 168 1614 M.
182 1549 276 1612 αότοῦ
295 1551 425 1629 βασιλεῖς
442 1548 493 1610 ιιαλ
506 1548 648 1630 ἀρχιερεῖς
671 1547 721 1610 καὶ
738 1549 849 1624 πάντας
862 1548 932 1622 τοὺς
945 1549 1150 1630 Χριστιανοὺς
1168 1548 1206 1622 ὡς

182 1646 486 1727 ελόωλολατρήσαντας
513 1645 562 1708 ἐπὶ
584 1656 621 1732 τῆ
647 1646 848 1726 προσκυνήσει
873 1655 931 1708 τῶν
955 1643 1048 1728 ἆγίοιν
1070 1647 1206 1710 εἰκόνων.

142 1742 200 1812 ιεό
225 1741 257 1804 δὲ
280 1742 370 1824 μέγας
395 1744 455 1823 ἔφη
478 1746 643 1824 Γερμανός·
674 1743 819 1824 άκουσον,
847 1737 870 1804 ὦ
894 1746 1023 1824 βασιλεῦ.
1069 1754 1124 1806 τοῦ
1154 1744 1206 1825 μὲν
1285 1761 1286 1792 ³

75 1902 80 1914 ς
183 1842 288 1923 κυρίου
316 1839 402 1922 ήμῶν
424 1835 526 1921 Ἰησοῦ
553 1847 685 1924 Χριστοῦ
718 1841 768 1903 διὰ
796 1841 903 1923 σαρκὸς
930 1841 1129 1919 ἐπιφανέντος
1158 1843 1206 1904 καὶ
1285 1847 1286 1886 ί

182 1945 243 2014 τοῖς
256 1939 431 2021 ἀνθρώποις
448 1939 744 2022 συναναστραφέντος
762 1939 812 2000 καὶ
830 1949 922 2000 πᾶσιν
937 1938 1102 2020 ὀραθέντος
1116 1936 1205 2025 (πάν-
1285 1947 1286 1973 ¹

183 2062 229 2112 τες
246 2038 312 2121 γάρ,
332 2040 436 2119 φησίν,
449 2038 605 2117 εἰδήσουσί
617 2061 651 2118 με
666 2037 724 2100 ἀπὸ
740 2047 848 2119 μικροῦ
867 2037 922 2111 ἕως
937 2039 1065 2119 μεγάλου
1080 2035 1205 2121 αὐτῶν),

182 2149 263 2200 πᾶσα
281 2138 502 2218 είδονλολατρεία
519 2136 654 2199 ἐκποδῶν
678 2135 779 2219 γε’γονε
801 2135 853 2196 καὶ
875 2146 936 2196 πᾶν
955 2134 1072 2217 ἀγαλμα
1091 2137 1206 2200 είόοιλι-

141 2263 170 2302 οο
183 2238 238 2299 κόν
255 2237 457 2316 ἐξηφάνισται.
493 2235 597 2308 καθὼς
614 2234 665 2296 καλ
684 2243 913 2315 προαναφανῦν
928 2236 1078 2316 Ζαχαρίας
1099 2233 1205 2316 ὁπρο-

255 2406 369 2456 10-14
386 2400 421 2466 cs.
440 2397 565 2466 Theoph.
582 2415 611 2465 μ.
626 2403 692 2464 ιον,
708 2399 740 2450 ιε
764 2403 789 2452 ιι
806 2401 872 2464 ιοο,
887 2401 929 2451 τε.
954 2429 987 2437 -
1014 2403 1121 2466 ιιι-μ.
1138 2403 1199 2463 τεο,

185 2475 216 2524 11
238 2470 375 2540 Stephani
396 2469 516 2523 Diaconi
534 2468 602 2521 Vita
620 2468 757 2538 Stephani
776 2468 900 2521 Junioris
923 2468 1021 2538 Migne
1042 2469 1121 2522 Tom.
1147 2475 1206 2536 100,

185 2542 293 2596 10840.
313 2572 348 2587 -
367 2545 400 2594 11
419 2540 503 2594 Hebr.
519 2544 544 2607 8,
560 2546 602 2594 11.

257 2690 271 2737 1
290 2680 417 2750 κράτιστε
435 2684 547 2754 βασιλεῦ
566 2681 643 2749 παρὰ
662 2689 712 2736 σοῦ
726 2681 783 2735 AR.
800 2713 833 2722 -
854 2687 887 2735 10
907 2681 996 2750 ὀρθῆς
1015 2678 1134 2744 πίστεως
1154 2683 1203 2737 καί

185 2755 246 2825 ἀρχ.
267 2757 327 2823 (om.
346 2756 385 2822 τε)
402 2754 427 2806 Α
455 2753 518 2821 ὀρθ.
538 2755 586 2808 καί
609 2752 780 2824 ἀρχαιτάτης
803 2756 866 2822 (sic)
891 2752 1009 2816 πίστεως
1032 2755 1096 2822 (σοι.
1123 2754 1206 2824 τε)Β
1285 2761 1286 2772 ’

185 2826 275 2895 ὀρθῆς
292 2821 409 2886 πίστεως
428 2827 487 2894 (om.
502 2845 532 2879 τε
549 2826 598 2878 καί
617 2826 689 2896 ἀρχ.)
709 2823 736 2879 O.
753 2857 787 2865 -
806 2831 839 2878 13
859 2823 1007 2896 ἀρχιερεῖς]
1024 2824 1205 2897 πατριάρχας
1285 2835 1286 2864 ³

185 2896 266 2950 LRV.
287 2925 320 2934 -
338 2896 405 2956 τοῦς
422 2912 472 2950 om.
487 2896 573 2949 ΑΒΕ.
594 2927 627 2935 -—
648 2902 682 2949 14
701 2894 989 2964 είδονλολατρήσαντας
1008 2892 1152 2966 (-ίσαντας
1173 2898 1206 2965 A)
1285 2901 1286 2916 λ

186 2967 261 3020 ABP
271 2966 396 3035 Theoph.
415 2966 616 3035 είδοιλολάτρας
632 2965 694 3020 rell.
714 2998 747 3008 -
768 2967 814 3022 ἐπί
831 2967 881 3020 ΒΡ
891 2966 1017 3035 Theoph.
1040 2967 1071 3022 έν
1090 2967 1154 3022 rell.
1174 2999 1206 3007 —-

187 3045 220 3092 15
235 3034 257 3091 ὦ
271 3039 382 3109 βασιλεῦ
397 3037 495 3092 GLPV
513 3033 600 3092 ὦσαι.
614 3037 675 3092 rell.
689 3037 784 3108 steph.
799 3071 833 3079 —
849 3043 881 3092 17
899 3036 1133 3107 ἀναστραφέντρς
1147 3039 1205 3092 ΑΒ.

187 3141 222 3149 -
246 3113 278 3162 18
302 3109 354 3178 γάρ
378 3128 464 3180 φησιν
487 3109 538 3166 ald.
558 3128 591 3179 με
613 3109 658 3173 ΙιΡ
686 3109 739 3180 γάρ
763 3110 814 3164 ets.
839 3109 873 3178 μί
897 3125 984 3179 φησιν
1014 3109 1080 3179 (ἔφη
1099 3110 1135 3178 R)
1155 3109 1207 3162 RV

187 3198 275 3250 φησιν
292 3198 342 3236 om.
357 3181 419 3236 rell.
439 3213 472 3221 -
491 3181 548 3235 ἀπὸ
567 3188 668 3250 μικροῦ
688 3182 780 3236 αὐτῶν
799 3183 848 3235 καὶ
863 3181 921 3251 (καὶ
935 3197 987 3236 om.
1002 3181 1035 3250 B)
1056 3180 1107 3242 ἕως
1120 3181 1207 3250 μεγά-

187 3255 246 3321 λου,
265 3261 342 3306 πάσα
361 3253 419 3306 ΒΡ.
440 3284 473 3292 -—
494 3257 527 3304 20
546 3251 701 3321 ἠφάνισται
720 3254 790 3320 (ονε
808 3254 843 3322 Α)
861 3251 918 3308 AB.

259 3397 293 3445 10
312 3388 364 3445 οόν
383 3392 398 3446 ὁ
417 3392 543 3460 ἀλάστωρ
562 3392 635 3445 κατὰ
652 3392 683 3444 Ρ.
704 3424 737 3432 -
757 3399 861 3446 11-12
880 3393 930 3447 καί
948 3393 997 3450 τὸυ
1015 3397 1099 3448 θεῖον
1122 3398 1204 3462 Γερμ.

189 3462 435 3530 μεταστειλάμενος
452 3462 555 3529 ήρξατο
569 3462 599 3515 P.
615 3493 648 3502 -—
670 3468 702 3514 13
717 3463 854 3535 ἀρχιερεῖς
867 3465 916 3518 ιιαλ
929 3465 1107 3534 χριστιανολις
1120 3467 1208 3524 λαοὺς

74 3549 78 3557 ·
189 3533 227 3591 ὡς
240 3529 394 3598 PTheoph.
405 3563 438 3571 —-
455 3537 488 3584 14
502 3529 591 3600 ἁγίων
605 3549 655 3586 om.
666 3531 695 3585 P.
707 3565 740 3572 —
757 3540 789 3586 19
806 3534 933 3604 εἰδωλιιιῆ
947 3532 1063 3604 λατρεία
1075 3534 1204 3604 Pamph.

190 3631 225 3640 -
243 3607 277 3652 20
296 3599 312 3652 ὁ
330 3602 477 3670 προφήτης
493 3618 545 3656 σοι.
559 3602 589 3654 Ρ.
