2617 3909
532 250 723 301 Χεοαικοω
1068 251 1129 315 721

11 425 13 437 =
118 397 211 479 εστίμ,
232 396 281 457 καί
302 396 434 474 τὴντῶν
452 395 659 476 Κολασσαέων,
683 395 799 478 λέγουσι
816 397 886 472 τοὺς
904 401 1131 480 Κοινοχωρίτας,

11 524 13 547 =
119 494 212 574 άσπερ
235 500 313 575 τρεῖς
333 493 502 573 ἐκκλησίας,
526 496 630 574 φησίν,
653 492 778 576 Σέργιος
801 492 817 556 ὁ
840 494 890 556 καί
916 496 1040 577 Τυχικὸς
1062 496 1132 576 ἐμα-
1212 503 1217 508 “

11 622 12 649 ι
118 591 272 670 θητευσεν.
318 592 442 665 τούτους
469 584 525 652 οὖν
551 591 621 666 τοὺς
643 590 715 653 ἔπτὰ
737 592 836 653 αὐτῶν
859 594 1056 668 διδασκάλους
1083 594 1133 656 καί

11 722 12 749 ι
119 688 171 762 τὰς
184 690 219 763 ἐξ
236 688 393 768 ἐκκλησίας
409 689 527 769 ἔχουσιν
544 689 695 770 ἐντίμους,
714 688 768 764 οὓς
787 690 838 752 καί
857 690 1001 772 σέβονται,
1019 693 1132 766 πάντας

118 783 151 847 δέ
172 787 242 860 τοὺς
264 787 401 866 λοιπούς,
429 785 483 860 οὓς
506 786 558 849 ἐὰν
581 788 650 870 είπη
673 809 717 861 τις
739 788 855 868 αὐτοῖς,
877 788 928 850 καλ
951 788 1131 870 ἀναθεματί-
1159 812 1171 853 5

118 887 201 956 ζουσι
223 884 274 946 καλ
295 883 520 964 άποβάλλονται.

176 976 300 1062 ’Ἑηουσι
332 979 365 1042 δέ
396 981 517 1063 πρώτην
549 981 661 1062 αἵρεσιν
693 983 748 1061 τὴν
775 993 834 1045 τῶν
862 987 1043 1066 Μανιχαίων
1075 987 1131 1047 δύο

117 1077 208 1159 ἀρχάς
235 1078 447 1159 ὁμολογοῦντες
474 1077 515 1152 ὡς
537 1077 678 1142 κάκεῖνοι.
722 1079 840 1162 λέγουσι
868 1079 900 1142 δέ
923 1076 1006 1144 οὗτοι
1031 1083 1076 1144 ὅτι
1099 1082 1131 1144 έν

116 1176 177 1237 ἐστι
200 1176 293 1254 μόνον
315 1175 347 1236 τὸ
371 1177 544 1257 διαχωρίζον
566 1175 646 1256 ἡμᾶς
668 1177 701 1239 ἐκ
723 1187 782 1239 τῶν
795 1174 957 1260 Ῥωμαίων,
981 1181 1025 1241 ὅτι
1047 1178 1132 1260 ἡμεῖς

118 1272 183 1353 μέν,
207 1275 316 1352 φησίν,
344 1272 442 1354 ἕτερον
464 1274 538 1336 θεὸν
561 1273 682 1356 λέγομεν
709 1275 851 1358 ὑπάρχειν
873 1277 925 1339 τὸν
948 1275 1058 1358 πατέρα
1080 1279 1131 1340 τὸν
1145 1301 1172 1341 ιο

116 1369 307 1451 ἐπουράνιον,
330 1368 364 1444 ὃς
385 1371 419 1433 ἐν
440 1372 535 1458 τούτω
557 1379 597 1456 τῷ
613 1373 714 1459 κόσμηο
738 1374 794 1436 οὐκ
816 1373 872 1454 έχει
895 1374 1043 1456 ἐξουσίαν,
1066 1371 1128 1436 ἀλλ’

116 1467 150 1529 ἐν
176 1470 216 1552 τῷ
239 1467 387 1548 μέλλοντι,
419 1468 517 1551 ἕτερον
544 1468 577 1531 δέ
603 1470 678 1532 θεὸν
708 1471 760 1532 τὸν
784 1473 1020 1553 κοσμοποιητήν,
1053 1473 1131 1546 ὅστις

118 1566 175 1646 ἔχει
198 1567 284 1627 τοῦδε
307 1576 360 1628 τοῦ
382 1567 528 1649 παρόντος
550 1567 663 1647 κόσμου
691 1569 746 1648 τὴν
768 1569 913 1643 ἐξουσίαν.
960 1572 992 1632 οί
1011 1568 1043 1631 δέ
1063 1564 1130 1632 Ῥω·
1144 1596 1183 1635 εοε
1197 1593 1229 1636 Μ.

117 1670 213 1743 μαῖαι,
242 1666 350 1744 φησίν,
377 1663 431 1726 ἕνα
457 1664 508 1726 καί
535 1665 587 1727 τὸν
611 1665 704 1728 αὐτὸν
730 1667 805 1728 θεὸν
833 1667 1028 1748 ὁμολογοῦσιν
1055 1663 1130 1729 εἶναι

114 1761 166 1822 καί
187 1761 298 1844 πατέρα
325 1762 377 1825 τὸν
404 1762 497 1825 αὐτὸν
521 1763 701 1844 ἐπουράνιον
728 1764 778 1826 καί
805 1775 857 1827 τοῦ
880 1765 993 1845 κόσμου
1020 1767 1130 1840 παντὸς
1144 1790 1169 1830 ιο

114 1861 251 1939 ποιητήν.
296 1865 420 1922 καλοῦσι
452 1859 484 1922 δὲ
515 1861 640 1935 έαυτοδς
672 1861 726 1942 μέν
758 1865 957 1945 χριστιανοάς,
989 1861 1068 1943 ἡμᾶς
1097 1862 1130 1925 δὲ

111 1951 279 2036 Ῥωμαίους.
325 1958 443 2041 λέγουσι
469 1958 502 2021 δὲ
524 1960 600 2042 πρὸς
621 1961 692 2035 τοὺς
714 1959 897 2041 ἀγνοοῦντας
924 1961 1034 2034 αὐτοὺς
1056 1983 1129 2042 προ-

114 2057 234 2136 θύμως·
263 2057 439 2135 πιστεύομεν
462 2059 505 2130 εἰς
526 2057 636 2139 πατέρα
658 2057 708 2118 καὶ
730 2059 799 2121 υίὸν
821 2057 871 2118 καὶ
894 2058 980 2140 άηιον
1002 2068 1129 2139 πνεῦμα,

113 2154 166 2216 τὸν
188 2155 369 2237 ἐπουράνιον
391 2154 516 2237 πατέρα,
543 2154 594 2216 καλ
617 2154 765 2234 ἀνάθεμα,
788 2157 897 2235 φησίν,
924 2162 963 2239 τῷ
987 2156 1026 2234 μὴ
1050 2157 1127 2218 οὕτω
1235 2181 1237 2186 ·

113 2252 296 2331 πιστεύοντι,
324 2250 557 2332 μεμελετημένως
584 2255 651 2314 λίαν
678 2251 733 2330 τὴν
761 2252 873 2314 έαοτῶν
901 2254 1008 2314 κακίαν
1035 2260 1127 2332 μεθο-
1142 2277 1168 2318 εο
1241 2289 1243 2296 v

188 2418 201 2465 1
222 2411 398 2468 κολασσαέων
416 2413 518 2467 AEPR
540 2411 701 2468 κολασαέων
715 2413 794 2468 BDV
812 2413 952 2469 κολασέων
967 2414 995 2469 O.
1016 2447 1049 2456 -
1068 2436 1127 2471 κοι-

114 2483 275 2554 νωχωρίτας
288 2485 310 2538 Ρ
329 2485 568 2557 κοινοχωρῆταςΑ
582 2481 773 2556 κυνοχωρίτας
785 2485 873 2539 BDV.
887 2518 922 2527 —
938 2493 953 2539 2
969 2483 1057 2556 φασίν
1071 2487 1126 2541 PR.

114 2588 149 2596 —
168 2555 370 2627 ἐμαθήτευσεν]
388 2557 591 2626 ἀνεδεμάτισεν
610 2555 726 2610 ODER.
746 2589 780 2596 —
804 2556 904 2630 δείπη
924 2558 1028 2612 ΔΒΕΡ
1051 2557 1127 2613 είποι

112 2627 174 2681 rell.
194 2659 227 2666 —
246 2628 295 2681 καλ
313 2645 363 2682 om.
378 2627 438 2681 Ι)Ρ.
459 2660 492 2667 -
513 2633 545 2680 12
564 2627 615 2682 τὸν
633 2630 693 2697 (τοῦ
710 2627 743 2697 Β)
762 2625 866 2696 κόσμον
885 2628 1005 2699 ποιητήν
1024 2629 1085 2684 BR.

186 2775 200 2822 1
216 2770 264 2822 καλ
277 2775 303 2823 ολ
315 2779 371 2824 τῶν
385 2787 435 2824 om
451 2771 480 2824 P.
494 2802 527 2810 —
544 2775 567 2822 1.
580 2775 595 2822 2
611 2768 661 2833 οὓς
674 2769 727 2840 ny.
742 2772 808 2834 τοὺς
821 2791 891 2826 κοιν.
907 2769 958 2840 τὴν
973 2769 1127 2840 φιλίππους

112 2842 184 2909 άπερ
204 2838 314 2910 σέρηιος
336 2839 481 2910 ἐκκλησίας
501 2849 576 2909 τρεῖς
597 2842 686 2910 φασίν
709 2840 791 2896 ὁκαὶ
809 2843 921 2913 τυχικὸς
939 2843 1022 2912 ἐμαδ.
1042 2842 1071 2895 P.
1091 2874 1125 2882 -

112 2920 130 2967 3
149 2911 337 2975 διδασκάλους
354 2913 447 2968 αὐτῶν
465 2912 495 2966 Ρ.
520 2944 554 2952 -
576 2919 593 2966 4
612 2909 741 2981 ἐντίμους
763 2915 838 2982 (καί
857 2931 925 2968 corr.
944 2931 978 2968 ιω
1001 2909 1125 2982 ἐντίμως)

112 2985 223 3058 ἔχοντες
244 2983 273 3038 ολ
290 2985 435 3054 δυσσεβεῖς
457 2984 505 3038 καλ
528 2983 613 3039 άδεοι
635 2981 765 3055 σέβονται
783 2985 812 3038 Ρ.
835 3017 871 3026 -
895 2990 910 3038 5
930 2984 1051 3054 ἀναδεμ.
1069 3005 1125 3108 μα-

112 3063 200 3124 νερῶς
212 3056 263 3110 καὶ
274 3055 305 3109 P.
321 3085 354 3094 —
370 3061 455 3109 7-11
471 3056 520 3109 καλ
532 3055 646 3124 πρώτην
661 3057 711 3124 μὲν
725 3057 773 3110 καλ
787 3052 909 3125 ἀρχαίαν
923 3055 1034 3128 ἔχουσιν
1049 3077 1067 3108 α
1080 3075 1125 3124 ρε-

111 3145 159 3182 σιν
175 3125 228 3196 τὴν
241 3126 298 3180 ἀπὸ
311 3134 361 3180 τοῦ
375 3125 511 3195 μάνεντος
528 3127 582 3181 δίο
595 3125 721 3196 λέγοντες
734 3126 823 3198 ἀρχὰς
841 3127 878 3190 ὡς
891 3127 1029 3192 κάκεῖνος,
1048 3125 1079 3181 ἓν
1093 3127 1124 3183 δὲ

113 3195 197 3264 ἐστίν,
216 3195 314 3267 φασίν,
333 3196 420 3266 μόνον
437 3198 471 3252 τὸ
484 3195 601 3268 χωρίζον
615 3197 687 3268 ἡμᾶς
705 3193 736 3253 ἐκ
754 3217 776 3251 τ.
792 3195 816 3267 ὁ.
832 3197 928 3267 ἐπειδὴ
947 3196 1010 3268 γάρ,
1029 3195 1125 3269 φησίν,

111 3269 192 3337 ἡμεῖς
209 3270 260 3338 μέν
279 3268 314 3323 έτ.
333 3273 363 3322 δ.
382 3268 436 3339 λέγ.
455 3268 556 3340 δποίρη.
576 3269 625 3323 τδν
644 3267 816 3337 ἐπουράνιον
834 3267 954 3338 πατέρα,
979 3267 1010 3332 ὃς
1033 3269 1063 3324 ἐν
1086 3273 1125 3342 τῷ

112 3338 206 3411 κόσμῳ
224 3341 313 3394 τούτω
332 3343 474 3404 παντελῶς
492 3340 578 3406 ἐξουσ.
594 3341 645 3394 οδκ
661 3340 715 3412 ἔχει
730 3348 783 3396 νῦν
796 3341 826 3393 Ρ.
841 3372 875 3381 -
897 3347 928 3394 12
949 3337 1008 3394 ὅττι
1022 3338 1052 3394 δ’
1069 3341 1125 3412 ἔχει

110 3419 162 3465 τοῦ
180 3429 245 3480 παρ.
265 3395 339 3466 κ.Ῥ.
364 3443 398 3452 -
422 3416 456 3464 16
474 3411 594 3480 ποιητὴν
616 3412 666 3465 καλ
683 3412 829 3479 πράιανιν.
864 3410 896 3466 οί
915 3431 946 3482 με
969 3429 1054 3504 ηριστ.
1074 3411 1124 3480 μέν

111 3482 186 3537 ἑαυτ.
205 3486 321 3538 καλοῦσι
338 3483 368 3536 P.
392 3515 428 3523 —
451 3488 485 3536 18
504 3482 543 3544 εἰς
560 3481 668 3550 πατέρα
686 3482 750 3538 υἱὸν
774 3484 822 3537 καλ
843 3491 954 3553 πνεῦμα
972 3502 1053 3554 αηιον
1074 3481 1124 3536 τὸν

111 3554 207 3619 ἐπονρ.
228 3552 295 3608 ὄντα
317 3551 425 3622 πατέρα
445 3554 475 3607 Ρ.
500 3585 533 3594 —·
557 3559 592 3607 20
609 3554 780 3623 πιστεύοντι,
805 3555 968 3625 κακούργως
990 3555 1038 3607 καλ
1060 3549 1124 3608 λίαν

113 3627 213 3686 δεινῶς
231 3624 282 3694 τὴν
301 3625 376 3680 έουτ.
391 3648 415 3680 κ.
431 3627 529 3695 μεθοδ.
547 3624 575 3680 ολ
593 3624 703 3680 ἀνόσιοι
720 3626 750 3682 Ρ.

910 3712 964 3767 46*
