2617 3909
529 249 719 302 XPONIKON
1066 246 1130 311 471

110 397 294 480 προσήκατο.
339 396 493 480 μηδὲγὰρ
517 398 667 476 δεηθῆναι
692 396 749 476 τήν
773 397 866 479 σάρκα
894 396 989 476 φησὶν
1016 396 1132 474 ἐκείνην

111 495 313 578 ἀνθρωπίνου
340 496 410 570 νοδς
437 493 695 576 ήχεμονευομένην
724 494 783 556 ὑπὸ
810 503 863 557 τοῦ
890 494 986 573 αὐτήν
1013 494 1133 556 ἐνδεδυ-

113 595 202 667 κότος
225 601 300 656 θεοῦ
323 595 427 676 λόχου,
454 591 527 658 ἀλλὰ
555 591 629 672 μηδὲ
656 598 761 674 χωρεῖν
788 592 883 672 αὐτὴν
910 591 1003 671 άλλήν
1025 591 1133 674 νοερόν

114 693 248 772 δύναμιν
280 692 360 775 παρὰ
391 691 447 771 τήν
475 692 573 754 θείαν.
619 700 710 752 ταῦτα
742 689 929 770 ὑποθέμενος
962 692 1133 752 διατείνεται

114 792 190 870 μίαν
212 784 293 852 ,εἶναι
321 791 414 869 φύσιν
441 799 495 856 τοῦ
518 790 607 871 λόχου
635 789 686 850 καί
712 799 766 869 τῆς
788 788 911 870 σαρκός,
938 787 980 862 ὡς
1007 790 1056 850 άτε
1080 798 1133 867 τῆς
1161 808 1173 847 σ

115 889 227 970 σαρκὸς
250 887 370 962 ἀτελοῦς
393 886 486 967 οόσης
508 887 550 961 εἰς
573 887 605 948 τὸ
624 881 701 948 είναι
719 885 884 969 όίνθρωπον
907 885 957 948 καλ
980 886 1030 948 διὰ
1047 895 1133 948 τοῦτο

117 987 160 1066 μὴ
184 984 268 1061 άξιον
292 987 385 1066 φύσιν
408 983 614 1066 ὀνομάζεσθαι.

185 1081 273 1146 Μεθ’
295 1082 334 1147 ’δν
362 1083 559 1164 άναφαίνεταί
583 1108 627 1158 τις
657 1082 811 1164 Θεόδωρος
837 1092 890 1163 τῆς
917 1084 1134 1160 Μοψουεστίας
1147 1092 1186 1133 ³⁶5
1199 1092 1231 1133 M·

116 1184 230 1257 πόλεως
257 1183 290 1246 ἐν
318 1193 352 1267 τή
375 1183 495 1267 Κιλικίᾳ
522 1182 577 1261 τήν
605 1179 768 1262 ήχεμονίαν
794 1181 905 1261 λαχών,
933 1181 983 1242 καί
1009 1182 1042 1244 ἐκ
1069 1183 1133 1243 δια-

117 1280 225 1362 μέτρου
253 1287 291 1367 τῷ
309 1275 503 1365 Ἀπολαναρίτμ
531 1279 695 1361 φερόμενος
721 1279 821 1361 όβρεις
848 1278 885 1339 οῦ
912 1278 965 1352 τὰς
989 1279 1134 1359 τυχούσας
1148 1297 1174 1336 ιο

116 1383 250 1463 τολμήρᾷ
276 1388 360 1464 ψυχή
393 1377 443 1439 καὶ
471 1376 578 1464 ἀφόβῳ
610 1377 718 1460 καρδίᾳ
748 1375 879 1457 καταχέει
910 1385 964 1437 τοῦ
992 1376 1134 1438 δεσπότου

116 1481 266 1557 Χριστοῦ,
293 1474 459 1559 όίνθρωπον
486 1475 538 1537 ἕνα
570 1485 629 1536 τῶν
652 1471 725 1534 καθ’
748 1471 828 1554 ήμῦς
853 1473 903 1536 καλ
930 1475 1033 1538 κοινδν
1060 1473 1134 1536 ότπο-

116 1579 218 1636 καλῶν
245 1573 295 1637 καὶ
318 1574 351 1637 ἐκ
374 1584 528 1656 προκοπῆς
550 1572 680 1654 λαβόντα
702 1573 757 1652 τήν
779 1573 864 1653 χάριν
886 1582 939 1635 τοῦ
962 1579 1038 1634 θεοῦ
1060 1572 1135 1634 θεὸν

119 1671 319 1751 ὀνομάζεσθαι
346 1672 395 1734 καλ
419 1672 451 1733 ἐκ
475 1681 527 1733 τοῦ
555 1671 587 1733 ἐν
610 1677 649 1755 τῷ
666 1667 801 1756 Ἰορδάνῃ
826 1672 1025 1751 βαπτίσματος
1047 1669 1135 1746 ἀξιω-

116 1777 215 1851 θῆναι
243 1781 295 1851 τῆς
328 1779 380 1832 τοῦ
408 1768 495 1852 άχίου
527 1769 695 1848 πνεύματος
727 1770 839 1850 δωρεᾶς
870 1767 902 1830 ἐν
933 1770 1060 1850 πρώτοις
1091 1770 1133 1844 είς
1148 1785 1173 1826 ιι

119 1867 215 1948 ὄνομα
244 1867 354 1949 πατρὸς
381 1867 431 1929 καλ
454 1868 522 1929 υίοῦ
549 1866 600 1928 καλ
627 1865 714 1948 άχίου
738 1867 904 1946 πνεύματος
926 1866 1134 1947 βαπτισθέντα.

119 1966 172 2028 τὸν
201 1964 232 2028 δὲ
259 1965 335 2028 θεὸν
362 1966 452 2048 λόχον
480 1965 530 2027 διὰ
557 1964 612 2044 τήν
639 1964 882 2047 ὑπερβάλλουσαν
909 1960 1016 2046 άρετήν
1043 1964 1136 2026 αὐτοῦ

119 2057 184 2126 κατ’
205 2064 345 2126 εὐδοκίαν
366 2063 400 2126 ἐν
423 2064 502 2148 αὐτῷ
521 2063 737 2142 κατοικήσαντα
759 2062 937 2141 μεταδοῦναι
959 2072 1012 2142 τῆς
1030 2068 1137 2142 θεϊκής

119 2161 204 2237 ἀξίας
223 2161 304 2245 αὐτῷ
318 2161 368 2224 καί
382 2161 610 2244 προσκυνήσεως
628 2161 671 2233 εἰς
684 2161 807 2242 ὕστερον
822 2159 893 2239 μετδι
910 2159 966 2238 τήν
981 2160 1136 2222 τελείωσιν.

119 2269 213 2323 ταῦτα
236 2258 286 2320 καλ
309 2258 390 2341 ἕτερά
413 2282 441 2322 τε
465 2259 558 2322 πολλά
580 2268 701 2320 τοιαῦτα
724 2257 924 2337 δυσφήμήσας
951 2258 1006 2319 δύο
1031 2258 1136 2336 φάσεις
1150 2283 1177 2321 το

122 2359 385 2440 λδιοπεριορίστους
417 2357 607 2438 ἐδογμάτισεν
638 2354 688 2418 ἐπί
714 2360 845 2437 Χριστοῦ
874 2353 967 2436 σχέσει
997 2355 1056 2417 τινὶ
1086 2355 1137 2417 καλ

122 2455 219 2536 μόνον
248 2453 298 2518 καί
327 2454 466 2534 ἀλλήλαις
497 2453 696 2533 οίκειωμόνας.
742 2451 862 2533 δευτέρα
893 2452 943 2514 καλ
968 2455 1042 2532 αὕτη
1065 2454 1137 2534 βλά-

121 2571 224 2633 στησις
247 2563 300 2615 τοῦ
323 2556 394 2633 μίαν
418 2554 511 2631 φύσιν
533 2551 583 2614 καλ
607 2552 663 2613 δύο
687 2552 792 2628 φάσεις
812 2551 844 2613 ἕν
863 2555 979 2636 Χριστῷ
999 2553 1041 2631 μή
1063 2551 1138 2613 κατὰ

119 2653 173 2715 τὸν
196 2650 292 2733 ὀρθὸν
315 2650 403 2732 λόχον
427 2649 644 2732 ὁμολογεῖσθαι.

183 2748 272 2810 Μετδι
305 2747 337 2810 δὲ
368 2750 491 2822 τούτους
522 2747 623 2830 χέχονέ
654 2771 699 2822 τις
731 2746 853 2827 ὀνόματι
885 2748 1046 2828 Νεστόριος
1078 2747 1136 2809 άπὸ
1151 2772 1176 2812 τε

120 2847 331 2930 Γερμανικείας
358 2855 411 2927 τῆς
438 2847 552 2926 Συρίας
579 2846 631 2908 τὸν
659 2848 774 2927 θρόνον
796 2845 1138 2920 Κωνσταντινουπόλεως

194 2999 210 3046 2
234 2988 421 3062 ἀνθρωπίνου
442 2991 606 3048 BPTheod.
635 2988 819 3060 ἀνθρωπείου
841 2989 921 3044 ERV
931 2990 995 3044 Exc.
1024 2991 1137 3057 ἀνθρω-

120 3061 189 3118 πίου
208 3063 268 3117 τελλ.
290 3095 325 3104 -
350 3060 454 3131 ὁμίαν
472 3057 546 3121 εἶναι
565 3063 651 3132 φύσιν
670 3061 936 3116 ΑΒΡΕΧοἜλιεοδ.
964 3058 1032 3131 μίαν
1074 3060 1138 3116 όσιν

122 3131 197 3190 εἶναι
220 3133 280 3190 rell.
314 3166 347 3175 -
372 3140 388 3190 8
412 3131 603 3203 ἀναφαίνεται
627 3133 749 3188 ABFLP
761 3132 938 3187 Exo.'1'he0d.
965 3082 1139 3200 &vamZmat

121 3205 182 3260 rell.
203 3237 237 3246 —
256 3202 445 3276 μοψουεστίας
464 3207 486 3273 (-
497 3205 589 3268 ἑστίας
602 3205 634 3275 Ρ)
650 3205 722 3258 LPV
731 3205 796 3260 Exe.
807 3202 912 3258 Theod.
932 3202 1139 3273 μομψουεστίας

121 3281 146 3348 (-
157 3274 249 3339 ἑστίας
262 3277 292 3330 Μ
309 3276 415 3341 -ἐστιδις
429 3275 459 3345 (λ)
473 3275 606 3331 BCFNR
624 3275 739 3346 μόμψον
760 3282 883 3345 (μομψοῦ
897 3276 933 3345 Α)
947 3272 1039 3339 ἑστίας
1051 3273 1137 3331 AEG.

122 3381 156 3389 -
177 3353 211 3402 10
230 3345 447 3420 ἀποληναρίῳῦ
470 3345 696 3422 ἀπολλιναρίῳΕ
714 3354 740 3402 et
757 3363 827 3402 1000.
843 3347 959 3416 quidam
982 3347 1069 3401 άπολλ
1089 3367 1139 3403 να-

121 3419 173 3494 ρίςο
191 3420 221 3474 F.
237 3451 272 3461 ·-
292 3425 325 3474 12
343 3419 413 3544 τῶνχ
431 3420 479 3474 τὸν
497 3417 582 3472 BOM
600 3426 626 3474 et
644 3435 714 3486 repo.
730 3418 853 3488 quidam.
869 3449 902 3458 -
922 3417 1059 3474 κοινωνὸν
1105 3418 1137 3471 R.

122 3523 156 3532 -
177 3495 212 3544 20
229 3510 258 3545 τε
272 3507 316 3546 ουτ
339 3491 387 3544 AB
416 3489 475 3543 LM.
491 3521 524 3531 -
538 3499 655 3544 τοιαῦτα
669 3507 719 3545 σοι.
735 3489 769 3544 N.
785 3522 819 3531 -
838 3496 871 3544 21
891 3486 1139 3558 ἰδιοπορίστουςλί

121 3559 329 3634 ἰδιοπεριόχους
336 3561 368 3616 R.
378 3593 411 3602 —-
422 3567 456 3616 22
470 3561 519 3616 καλ
533 3567 596 3616 ante
610 3561 740 3628 ἀλλήλαις
753 3578 803 3615 ουτ.
809 3559 854 3615 FP
862 3559 966 3615 Theod.
975 3592 1008 3600 -
1020 3560 1139 3614 οἰκειου-

122 3632 250 3704 μέναςλλ
275 3629 450 3707 ᾠκειωμένας
467 3631 532 3687 Exn.
552 3665 587 3674 -
607 3638 640 3686 26
660 3628 841 3703 χερμανικίας
859 3629 1042 3685 AOFLNPR.
