2617 3909
172 246 240 309 454
292 304 293 307 ,
484 244 670 297 ΓΕΩΡΓιου
688 243 871 295 Momor
951 208 955 215 ’

174 395 341 474 πνεύματος
364 394 451 456 ἔνδον
475 392 507 455 ἐν
536 393 636 465 αὐτοῖς
664 389 871 471 ἀφιερωμένου
893 392 1042 468 κατεφίλει
1065 390 1116 452 καὶ
1139 400 1197 471 τῆς

175 493 323 565 εὐτεκνίας
355 491 460 553 ἑαυτὸν
492 490 671 570 ἐμακάριζεν.
722 487 843 570 ἁγνείαν
874 486 906 550 δέ
938 488 988 549 καλ
1020 488 1197 570 ἐγκράτειαν

175 592 322 669 τοσαύτην
344 588 473 669 ἤσκησεν
496 588 528 650 ἐκ
551 586 621 649 νέου
644 596 698 649 τοῦ
721 588 864 666 σώματος,
887 584 928 660 ὡς
946 584 1071 667 ὀβολούς
1090 584 1123 647 δ’
1142 586 1196 648 καὶ

176 690 270 768 μόνον
301 687 375 768 πρὸς
407 685 573 767 διατροφήν
605 681 678 745 καθ’
703 684 827 763 έκάστης
859 681 970 764 ἡμέρας
996 684 1195 766 ἀρκούμενος,
1301 755 1302 782 3

150 786 227 848 ικαί
254 785 354 865 μέντοι
382 783 432 846 καὶ
458 783 492 845 έν
514 788 634 857 πολλοῖς
659 782 732 844 ἐτεσι
755 791 841 843 τοῦτο
863 791 959 843 ποιῶν
982 780 1114 862 διετέλει,
1141 782 1196 843 καλ
1301 793 1302 842 ἓ

177 878 223 945 ἐπ’
245 883 376 961 ἐδάφους
406 882 456 943 καὶ
479 882 611 959 ψιαθίου
634 880 793 942 καθεύδων
816 879 865 941 καί
888 877 989 961 ὀλίγον
1011 882 1119 962 καιρόν
1139 890 1196 960 τῆς

177 980 285 1053 νυκτὸς
320 978 546 1059 ἀναπαυόμενος
582 979 635 1041 τὸν
666 980 787 1039 πλείονα
818 979 861 1051 εἰς
892 977 947 1057 τήν
979 978 1100 1058 μελέτην
1133 989 1196 1040 τῶν

179 1081 265 1160 ἱερῶν
293 1078 400 1159 λογίων
427 1077 558 1156 διήνυεν.
604 1074 654 1137 καὶ
683 1076 717 1138 έν
738 1076 854 1150 τούτοις
881 1075 1119 1155 ἐπεκτεινόμενος
1144 1076 1196 1137 ἐπί
1302 1073 1303 1132 λ

80 1200 86 1211 ’
178 1200 206 1238 τε
234 1174 331 1260 ἀσιτία
357 1175 406 1237 καλ
433 1174 582 1259 ἀγρυπνίᾳ
609 1174 660 1235 καὶ
687 1174 849 1255 γυμνότητι
877 1173 984 1236 ἑαυτὸν
1010 1173 1196 1248 ύπωπιάζων
1302 1155 1303 1206 λ

45 1296 125 1337 μου.
140 1283 320 1337 ιοτοσοῶτον
346 1274 526 1353 κατεδάμασε
553 1274 608 1353 τήν
635 1271 736 1351 ἀκμὴν
761 1280 816 1332 τοῦ
843 1272 977 1351 σώματος
1000 1269 1040 1345 ὡς
1063 1270 1196 1351 δρᾶσθαι

178 1378 327 1446 παντελῶς
354 1371 445 1433 αὐτὸν
472 1370 693 1450 ἀπεσκληκέναι.
739 1370 825 1431 οἴνου
851 1368 908 1451 γάρ
935 1368 986 1430 καί
1014 1369 1115 1432 ἐλαίου
1143 1368 1195 1429 καί

178 1481 237 1531 τῶν
264 1475 375 1531 λοιπῶν
402 1468 581 1549 ἀπεχόμενος
607 1467 779 1549 ἀνατροπὴν
807 1477 860 1528 τοῦ
887 1469 1025 1547 θώρακος
1053 1468 1197 1548 μεγίστην

179 1566 342 1647 ὑπέμεινεν.
388 1566 477 1627 ἐνθεν
504 1564 537 1646 γε’
563 1588 608 1626 τοι
636 1564 793 1645 διαβόητος
820 1566 978 1647 γενόμενος
1005 1562 1046 1638 ὡς
1073 1563 1196 1647 διαπρέ-

180 1687 246 1726 πων
278 1664 352 1749 έργῳ
383 1662 433 1724 καὶ
465 1663 541 1749 λόγῳ
573 1662 701 1736 πολλοὺς
720 1658 868 1742 Ἕλληνας
897 1663 952 1742 τὴν
978 1662 1197 1741 εἰδωλομανίαν
1303 1723 1304 1748 ³

140 1784 166 1824 15
180 1762 390 1843 βδελύττεσθαι
407 1762 510 1834 πείσας
528 1761 690 1841 μαρτυρίου
708 1759 857 1838 στέφανον
874 1759 1085 1838 ἀναδήσασθαι
1103 1782 1196 1841 παρε-
1303 1807 1304 1860 ,

181 1860 331 1921 σκεύασεν.
376 1863 486 1938 πολλῆς
513 1851 569 1920 ούν
597 1858 702 1937 φήμης
728 1857 795 1939 περὶ
822 1858 916 1919 αύτού
945 1858 1116 1939 τρεχούσης,
1144 1858 1197 1919 καλ

180 1963 297 2018 πολλῶν
321 1956 472 2039 μακρόθεν
494 1956 569 2036 πρὸς
591 1955 683 2019 αὐτὸν
707 1955 899 2037 συρρεόντων,
923 1956 960 2017 ού
981 1951 1197 2035 μόνονἜλλη-

180 2080 235 2129 νας
264 2054 450 2135 φιλοσόφους
479 2053 529 2115 καὶ
556 2054 720 2134 αἱρετικοδς
746 2053 917 2135 ἐλλογίμους
939 2054 1014 2134 πρὸς
1035 2054 1090 2133 τήν
1113 2052 1181 2115 ευσέ

180 2155 265 2232 βειαν
296 2153 443 2231 είλκυσεν,
475 2150 547 2212 ἀλλά
580 2149 629 2211 καὶ
659 2151 729 2224 τούς
757 2149 846 2224 ὄντας
872 2151 1056 2232 χριστιανούς
1084 2157 1197 2231 μᾶλλον

141 2274 167 2313 ιο
182 2251 366 2331 στοιχειώσας
388 2249 608 2329 ἐπεβεβαίωσεν.
655 2246 691 2310 ὃν
714 2247 730 2309 ό
753 2248 925 2331 πρυλεχθεὶς
941 2244 1115 2331 Ἀμβρύσιος
1136 2251 1196 2311 ἱκε-
1304 2323 1305 2346 ρ

180 2348 284 2421 τεύσας
311 2347 404 2409 πολλὰ
431 2345 481 2407 καί
510 2348 769 2428 παραβιασάμενος
796 2345 827 2408 ἕν
850 2348 1013 2431 Καισαρείᾳ
1035 2346 1085 2407 καί
1107 2370 1196 2427 ταχυ-

181 2446 316 2527 γράφους
331 2442 384 2524 μέν
398 2444 477 2528 αὐτῷ
487 2446 677 2526 παραστήσας
691 2445 772 2524 ἕπτά,
786 2446 905 2518 πλείους
919 2443 951 2506 δὲ
964 2445 1198 2527 καλλιγράφονς,

181 2542 358 2624 ἑρμηνεῦσαι
380 2541 432 2615 τὰς
454 2543 540 2615 θείας
563 2542 681 2622 γραφὰς
701 2542 792 2605 αὐτὸν
815 2544 983 2621 πεποίηκεν.
1027 2541 1078 2604 καὶ
1101 2541 1118 2605 δ
1142 2541 1197 2622 μὲν

189 2778 209 2831 ,ὁ
233 2710 341 2830 γἠ-ἳηθ
355 2706 390 2771 cs.
404 2702 505 2757 Euseb.
520 2702 592 2757 Hist.
608 2704 675 2758 eccl.
686 2704 732 2770 VI,
748 2711 774 2772 3,
787 2711 865 2775 θοςη.
881 2736 915 2745 -
930 2710 1035 2774 20-1).
1050 2711 1142 2772 455‚4
1160 2706 1197 2772 cf.

182 2796 217 2831 τ.
272 2818 279 2843 ,
331 2818 335 2829 .

254 2915 269 2965 3
290 2908 405 3034 ὀβολούς
426 2906 454 2964 δ’
475 2905 619 2977 (τέσσαρας
636 2908 673 2970 Ν)
691 2908 848 2963 AELNPR
856 2908 921 2963 Exc.
947 2909 1054 2981 ὀβολοῖς
1076 2908 1105 2963 δ’
1126 2908 1198 2978 (τέσ-

184 2998 263 3049 σαρσι
277 2982 300 3033 Β
327 2983 337 3049 )
351 2978 462 3034 BGFV.
478 3012 511 3019 -
528 2980 576 3033 καί
590 2978 677 3049 μόνον
691 2980 766 3034 ABP
776 2980 841 3034 Exc.
861 2982 910 3035 καί
923 2999 974 3035 om.
988 2980 1048 3035 rell.
1063 3013 1099 3022 —
1116 2986 1133 3033 4
1146 2979 1198 3050 μό-

183 3071 250 3114 νους
273 3051 297 3104 D
321 3051 418 3121 μόνοις
440 3052 469 3104 F.
495 3082 528 3091 -
557 3049 627 3105 καθ’
650 3051 769 3121 ἑκάστην
795 3051 902 3122 ἡμέραν
922 3052 1047 3106 BFExc.
1080 3051 1199 3121 ἑκάστης

183 3122 288 3192 ἡμέρας
303 3125 364 3190 (ουτ.
379 3120 463 3193 καθ’)
477 3122 503 3176 R
521 3120 590 3176 καθ’
608 3122 726 3193 ἑκάστης
740 3126 801 3192 (om.
816 3122 931 3193 ἡμέρας)
943 3123 976 3177 A.
992 3155 1025 3164 -
1045 3124 1199 3191 ἀρκεῖσθαι

183 3193 259 3248 BCF
278 3194 480 3263 διαρκούμευος
493 3194 525 3248 R.
541 3226 575 3234 —
590 3200 606 3247 6
620 3193 796 3261 ψιανθίουΒ
811 3192 953 3263 φιαεθίου
968 3199 1036 3264 (una
1050 3196 1100 3249 litt.
1115 3198 1199 3265 στου.)

183 3265 249 3319 Exc.
264 3296 297 3305 —
318 3270 334 3318 9
348 3264 510 3331 ύποπιάζωυ
526 3265 676 3319 AFLNPR
685 3265 751 3320 Exc.
766 3298 800 3305 -
820 3271 850 3319 11
867 3266 1071 3335 ύποσκληκέναι
1084 3265 1109 3317 Α
1126 3266 1199 3319 άπε-

185 3336 321 3405 σκληκότα
334 3335 391 3390 ΒΟ.
408 3368 441 3377 -
460 3343 493 3391 16
512 3337 577 3405 περὶ
595 3337 682 3391 αύτδυ
696 3335 808 3390 ABcR.
824 3368 860 3377 —
880 3342 913 3390 17
932 3336 1107 3406 συρρυέντων
1120 3334 1201 3390 cm*

185 3406 354 3476 συρριέυτων
368 3408 401 3462 A.
417 3438 450 3449 —-
470 3413 503 3462 20
523 3406 536 3461 ἐ
555 3404 688 3478 εβοιίωσεν
705 3407 793 3461 BCN.
809 3439 842 3447 —
862 3414 896 3461 22
915 3407 966 3477 μέν
984 3425 1034 3463 om.
1048 3406 1145 3461 FExc.
1162 3440 1200 3449 -

185 3484 219 3532 23
238 3479 331 3533 αύτῶν
349 3478 378 3532 Μ
401 3480 477 3553 αὐτῷ
495 3479 521 3532 R
548 3522 553 3532 .

258 3626 291 3675 16
302 3622 499 3694 διατρεχούσης
508 3621 537 3674 P.
549 3652 582 3661 —
596 3627 630 3673 23
646 3620 739 3690 ἑρμην,
750 3620 836 3676 αὐτὸν
850 3620 900 3683 τὰς
912 3624 945 3676 θ.
955 3642 996 3692 γρ.
1005 3618 1157 3690 πεποίηκεν
1166 3620 1200 3678 Ρ.
