2617 3909
176 259 243 325 500
488 261 675 315 mmor
692 263 876 315 nomm*

175 419 228 491 τῆς
252 410 364 484 πόλεως
386 407 464 492 δρῶν
487 409 546 472 ἰιτιό
569 433 598 472 τε
617 403 730 490 Ῥώμης
752 410 822 484 τοὺς
844 410 1016 493 ἀξιολόγους
1038 410 1192 491 ἐκλεξάμε-

175 530 228 582 νος
249 507 309 572 άπό
331 531 361 570 τε
383 509 482 571 τόπων
502 508 607 591 ἐτέρων
626 510 829 590 συναθροίσας
845 509 896 571 ιιαλ
913 510 1016 584 οἴκους
1034 511 1192 591 μεγίστους

175 606 374 687 οἰκοδομήσας
396 606 499 680 αὐτοῖς
520 607 570 668 ιιαλ
592 607 785 688 χαρισάμενος
806 607 902 670 οἰκεῖν
919 607 976 687 τήν
996 607 1086 671 πόλιν
1109 607 1193 670 ἐντοί-

76 725 116 765 ιοο
130 725 161 767 οι.
174 722 255 783 ησεν.
295 705 396 778 τιτίσας
418 701 451 766 δὲ
475 703 526 766 ιιαί
547 704 580 766 τὸ
606 705 750 767 παλάτιον
772 704 823 766 ιιαλ
845 705 968 767 ίιτιτιιιδν
990 705 1040 767 ιιαλ
1062 706 1134 779 τοὺς
1158 704 1192 785 β’

150 802 320 884 σμεγάλους
347 801 491 882 ἐμβόλους
516 801 568 864 ιιαλ
593 804 646 866 τόν
674 803 786 884 φόρον,
813 802 846 864 ἐν
869 791 894 887 ᾦ
915 805 1002 866 κίονα
1025 801 1192 883 μονόλιθον

175 899 225 961 καλ
244 898 452 982 ὁλοπόρφυρον
466 899 585 981 στήσας,
603 897 639 962 δν
657 899 716 964 άπὸ
728 896 841 981 ’ἐδάμης
858 900 995 980 ἐνόμισεν
1012 899 1191 982 άξιάγαστον

176 997 294 1078 σφόδρα
311 998 438 1079 σφόδρα,
457 998 575 1080 ἰδρυσεν
593 998 694 1061 ἐπάνω
711 999 805 1061 αὐτοῦ
824 997 995 1081 ἀνδριάντα,
1013 996 1050 1060 όν
1065 996 1192 1080 ήνεγιιιν

176 1093 234 1158 ἀπὸ
259 1089 347 1158 Ἰλίου
377 1096 490 1170 πόλεως
520 1105 574 1177 τῆς
605 1098 739 1178 Φρυγίας
769 1097 871 1177 ἔχοντα
897 1096 947 1159 ἐντί
973 1096 1029 1176 τήν
1055 1096 1192 1175 κεφαλήν

176 1190 296 1267 ἀκτῖνας
323 1191 361 1268 ζ’.
407 1193 458 1256 τόν
486 1192 518 1257 δὲ
544 1195 631 1256 κίονα
658 1193 754 1276 τρισίν
780 1194 854 1256 έτεσι
880 1193 1073 1274 πλοίζόμενον
1100 1193 1193 1276 ήγαγε

137 1315 162 1356 ιο
176 1291 226 1353 διὰ
248 1291 303 1371 τὴν
326 1291 493 1374 ὑπερβολὴν
516 1303 568 1355 τοῦ
594 1290 740 1374 μεγέθους
761 1291 812 1354 ιιαί
833 1302 887 1354 τοῦ
909 1293 1029 1374 βάρους.
1074 1290 1135 1354 άτιό
1159 1290 1192 1353 δέ

130 1403 131 1408 ’
175 1399 229 1469 τής
250 1390 405 1470 θαλάσσης
428 1388 510 1473 μέχρι
532 1399 585 1452 τοῦ
609 1389 707 1471 φόρου
731 1383 770 1451 δι’
792 1389 930 1452 ἐνιαυτοῦ
952 1382 1063 1470 ήλθεν,
1085 1391 1191 1470 ιιαίττερ

176 1497 228 1549 τοῦ
255 1486 397 1567 βασιλέως
424 1498 553 1569 συνεχῶς
579 1497 820 1568 προσφοιτῶντος
846 1488 897 1550 καί
923 1489 1046 1570 χρυσίον
1067 1485 1192 1568 άιτειρον

176 1590 215 1668 τῷ
238 1585 349 1664 πλήθει
378 1584 576 1665 διανέμοντος.
621 1579 684 1646 εἶτα
705 1584 833 1666 θέμενος
855 1586 897 1658 εἰς
919 1585 955 1647 τὰ
976 1584 1100 1666 θεμέλια
1122 1585 1193 1657 τοὺς

177 1679 222 1763 ιβ’
244 1683 401 1762 κοφίνους,
424 1681 479 1756 οὓς
496 1680 512 1743 δ
531 1681 658 1763 Χριστὸς
680 1683 856 1765 ηόλόγησεν,
877 1682 929 1745 ml
947 1683 1019 1758 ξύλα
1037 1685 1119 1762 τίμια
1141 1682 1193 1744 ιιαλ·

138 1803 163 1844 15
178 1777 271 1860 άγίων
294 1780 421 1858 λείψανα
443 1781 517 1861 πρὸς
540 1781 700 1863 στηριγμὸν
723 1779 774 1842 ιιαλ
796 1780 935 1860 φυλακήν
956 1781 1077 1860 ἔστησεν
1099 1780 1192 1842 αὐτόν

178 1876 228 1938 διὰ
254 1882 365 1958 πολλῆς
393 1888 527 1959 μηχανῆς
547 1877 608 1963 ιααί
634 1877 737 1960 τέχνης
766 1879 920 1958 δυνάμεώς
946 1902 976 1941 τε
1005 1878 1056 1940 καί
1082 1880 1193 1958 σοφίας

178 1972 194 2036 δ
221 1976 391 2057 θαυμάσιος
422 1975 534 2051 ἐκεῖνος
565 1976 642 2060 ἀνήρ
674 1978 727 2040 τόν
757 1978 994 2056 ττανθαόμαστον
1026 1978 1192 2056 μονόλιθον

177 2075 272 2138 κίονα.
299 2073 486 2154 ἐξηπάτησαν
513 2075 546 2138 δέ
573 2098 656 2149 τινας
682 2085 741 2137 τῶν
764 2074 890 2137 ἰδιωτῶν
916 2074 967 2136 τιαλ
991 2073 1192 2156 ἀφελεστέρων

177 2169 198 2254 ή
226 2177 337 2253 μᾶλλον
367 2173 461 2235 εἰπεῖν
493 2171 682 2256 ἀλογωτέραν
710 2172 751 2253 μή
782 2166 859 2233 εἰναι
889 2182 995 2234 τοῦτον
1028 2173 1192 2252 μονόλιθον

178 2451 199 2504 L
249 2381 442 2506 μὲἵοήχΜοΙ.
450 2398 478 2450 p.
488 2387 572 2450 320‚6
584 2381 683 2437 Ohxon
694 2380 792 2436 Pasch.
799 2398 829 2449 ρ.
838 2386 923 2448 528‚6
937 2379 1034 2449 Polyd.
1043 2395 1072 2448 ρ.
1083 2385 1136 2434 268
1142 2383 1190 2448 fin.

201 2467 233 2505 eo
249 2470 278 2522 p.
330 2494 337 2520 ,
387 2495 394 2504 .

250 2627 267 2675 4
290 2621 339 2675 καί
361 2620 392 2676 τὸ
416 2618 534 2676 ἱππικὸν
555 2620 611 2675 PV.
636 2653 670 2662 -
695 2627 709 2674 λ
735 2620 846 2690 σφόδρα
870 2619 981 2691 σφόδρα
1003 2619 1052 2674 AP
1080 2619 1192 2690 σφόδρα

179 2691 295 2747 alterum
309 2709 358 2748 om.
369 2691 429 2746 rell.
441 2724 474 2732 -
489 2697 505 2744 8
518 2689 601 2747 Ἰλίου
614 2689 720 2757 πόλεως
732 2709 782 2747 εον.
793 2711 807 2747 e
820 2691 886 2746 Μολ
906 2689 1093 2761 ήλιουιτόλεωε
1102 2689 1192 2761 (ἡλίου

179 2759 285 2826 πόλεως
298 2763 333 2833 R)
347 2763 448 2817 ABPR
472 2763 626 2818 ίλιοόιιολιν
640 2764 692 2834 (ήλ.
707 2763 746 2833 Μ)
761 2763 787 2817 N
805 2762 968 2833 ήλιοόττολιν
984 2761 1044 2817 τελλ
1060 2795 1093 2803 -
1113 2768 1130 2816 8
1148 2783 1191 2818 νε-

180 2833 273 2904 φαλὴν
292 2836 378 2889 αὐτοῦ
397 2834 479 2888 FLM.
500 2866 533 2875 -
552 2841 567 2888 9
586 2833 774 2905 πλωϊζόμενον
792 2834 916 2889 BEGM.
937 2867 970 2875 -
992 2839 1025 2888 13
1043 2832 1079 2888 τὰ
1097 2833 1191 2903 πλήθη

180 2909 229 2976 (-ει
242 2905 301 2977 ΑΕ)
315 2905 446 2961 AOELP.
462 2937 496 2946 -
516 2911 549 2960 14
568 2904 716 2976 εὐλόγησεν
734 2906 843 2960 FLNR.
863 2938 897 2947 -
918 2910 951 2960 16
970 2904 1030 2978 διὰ]
1049 2903 1118 2974 μετὰ
1132 2905 1191 2959 RV.

181 3008 214 3016 —
234 2985 360 3048 μηχανῆς
371 2978 426 3032 *aaz
443 2976 473 3032 τέ
491 2998 541 3046 νης
559 2977 606 3031 AP
628 2983 755 3048 μηχανῆς
772 2978 821 3032 καί
839 2994 889 3032 ουτ.
904 2977 964 3031 rell.
984 3008 1019 3016 -
1039 2980 1071 3031 18
1091 2976 1193 3046 έξηιια-

180 3047 308 3118 τήθησαν
332 3046 365 3104 δέ
384 3067 458 3112 τινες
473 2997 530 3103 ist.
553 3081 585 3089 -
612 3048 801 3118 άφελεστέρων
820 3049 868 3103 καὶ
887 3049 1007 3104 ἰδιωτῶν
1024 3048 1050 3102 V
1074 3047 1192 3104 ἰδιωτῶν

180 3119 229 3172 καί
247 3137 298 3174 om.
313 3120 345 3174 R.
364 3151 397 3160 —
418 3126 450 3174 19
469 3117 486 3190 ἢ
505 3122 608 3190 μᾶλλον
627 3120 681 3175 εἰοι.
696 3121 772 3190 άλογ.
792 3137 843 3175 om.
862 3119 940 3173 FLR.
962 3151 996 3159 —
1014 3118 1193 3189 ἀλογωτέραν

180 3189 256 3244 ABP
279 3199 333 3245 τῶν
357 3192 432 3261 ἰιλογ.
453 3190 566 3246 OENV.

254 3365 268 3412 λ
289 3359 388 3430 ἔφερεν
411 3360 437 3429 (ἐ
453 3378 487 3415 m.
506 3364 525 3414 2
545 3361 577 3414 in
595 3361 635 3414 lit.
654 3377 689 3414 ex
706 3359 735 3430 ή)
753 3359 783 3413 P.
807 3391 841 3399 -
865 3364 881 3413 9
900 3360 1017 3422 ἀκτῖνας
1038 3357 1116 3414 ἑπτά
1145 3360 1192 3412 ναλ

183 3430 236 3499 μήν
255 3431 312 3486 άιιδ
331 3429 382 3501 μλν
400 3428 492 3502 δάμης
505 3451 545 3500 τρ.
561 3430 597 3486 έτ.
611 3429 790 3501 πλοϊζόμενος
807 3424 877 3500 ήλθε
891 3429 940 3485 διὰ
953 3429 983 3484 P.
999 3461 1032 3470 —
1053 3434 1085 3483 11
1100 3427 1192 3498 φόρου

183 3499 335 3571 συρόμενος
353 3502 482 3557 ἐνιαυτόν
502 3499 652 3572 ὁλόκληρον
671 3501 747 3572 ἤχθη
767 3509 888 3571 συνεχῶς
904 3509 955 3555 τοῦ
967 3503 1028 3572 βασ.
1043 3517 1147 3570 προσφ.
1161 3500 1190 3554 Ρ.

183 3603 218 3611 -
238 3570 530 3650 Ιλλιῖλςὲτοδιςχβῇοδς
548 3572 563 3627 ό
582 3574 693 3643 χριστὸς
709 3569 808 3643 ήγίασε
820 3569 959 3641 κοφίνους
976 3572 1024 3626 καλ
1038 3570 1131 3642 μέντοι
1145 3571 1193 3626 τιαί

183 3642 258 3708 ξύλα.
274 3641 316 3700 P!
324 3665 359 3713 ,²-
372 3640 515 3740 ’λθίίιίηγρς
532 3660 582 3698 om.
597 3645 627 3699 P.
