2617 3909
517 254 708 307 XPONIKON
1058 256 1123 320 659

3 448 4 453 =
104 425 203 484 μονεν.
256 402 436 481 συνελήφθη
468 394 525 464 οὖν
556 403 627 476 λαὸς
658 403 759 476 πολύς.
810 413 862 483 τής
895 402 926 464 δὲ
959 405 1124 486 συγκλήτου
1138 417 1177 458 ⁵5⁷
1191 416 1223 457 M.

103 500 349 581 παρακαλεσάσης
371 499 423 560 τὸν
445 499 565 579 βασιλέα
588 509 640 561 τοῦ
664 499 872 583 ἀμορασθήναι
895 501 1018 582 αὐτούς,
1045 503 1124 577 εἴξας

105 593 122 656 δ
146 597 283 676 βασιλεὺς
306 595 453 658 ἀπέστειλε
480 596 616 678 πρέσβεις
638 598 713 678 πρὸς
737 598 789 659 τὸν
816 597 943 680 ἀρχοντα
970 608 1029 661 τῶν
1051 601 1124 681 βαρ-

104 694 222 777 βάρων,
250 696 300 757 ἴνα
326 695 396 769 τοὺς
424 690 476 755 ὑπ’
502 694 595 756 αὐτοῦ
622 694 825 774 κρατηθέντας
853 695 997 780 ἀπολύση.
1049 695 1065 758 δ
1093 696 1124 759 δὲ

105 791 265 870 ἐδήλωσεν·
294 791 463 872 ἀποδίδωμι
489 792 603 865 πάντας
629 791 703 854 κατὰ
725 793 828 873 ψυχήν
855 795 985 873 νόμισμα
1007 795 1124 874 κομιζό·
1152 815 1165 856 5

106 912 203 968 μενος.
254 889 270 953 δ
300 889 333 952 δὲ
362 890 499 970 βασιλεὺς
531 888 572 969 μή
602 889 801 970 ἀνασχόμενος
833 892 954 972 δοῦναι,
986 893 1075 953 πάλιν
1108 891 1124 956 δ

105 988 257 1070 βάρβαρος
275 986 334 1049 ἀνά
353 988 445 1067 ήμισυ
464 988 565 1067 λαβεῖν
582 986 716 1067 ἠξίωσεν.
758 998 811 1049 τοῦ
831 987 862 1050 δὲ
885 989 1026 1069 βασιλέως
1050 988 1125 1070 μηδὲ

105 1093 193 1148 τοῦτο
216 1084 464 1164 καταδεξαμίνου,
487 1083 645 1164 θυμωθείς
668 1084 684 1148 δ
703 1087 853 1168 βάρβαρος
876 1073 1026 1148 ἀπέκτεινε
1049 1088 1125 1148 πάν-

105 1205 161 1257 τας,
186 1180 262 1262 δμου
289 1183 421 1263 χιλιάδας
450 1179 502 1261 ιβ’.
549 1182 623 1244 ὅθεν
651 1181 683 1244 ἐκ
708 1184 815 1245 τούτου
839 1184 978 1265 μισηθεὶς
1001 1186 1125 1268 Μαυρί-

105 1303 181 1359 κιος,
203 1277 330 1360 ήρξαντο
354 1280 460 1352 πάντες
477 1281 624 1360 λοιδορεῖν
647 1280 739 1343 αὐτὸν
762 1280 812 1342 καλ
835 1282 1011 1362 διαβάλλειν.
1053 1282 1069 1345 δ
1093 1280 1124 1343 δὲ
1139 1303 1166 1343 ιο

107 1376 320 1456 μεταμεληθεὶς
342 1376 391 1438 καλ
413 1378 455 1450 είς
478 1376 583 1440 ἑαυτὸν
605 1377 705 1439 ἐλθὼν
723 1377 773 1439 καλ
795 1379 828 1441 τὸ
851 1379 956 1456 μέλλον
974 1380 1126 1460 κριτήριον

106 1473 253 1553 ἐννοήσας
271 1473 415 1548 ἐξελέξατο
435 1479 545 1553 μᾶλλον
568 1474 701 1536 ἐνταῦθα
719 1474 774 1554 τήν
797 1475 942 1559 ἁμαρτίαν
964 1476 1125 1557 ἀπολαβεῖν

106 1571 158 1633 καὶ
185 1573 226 1652 μή
254 1571 345 1634 ἐκεῖσε
368 1571 416 1633 ἐπὶ
443 1580 496 1633 τοῦ
521 1575 654 1654 φοβεροῦ
678 1574 876 1653 δικαστηρίου.
922 1573 972 1636 καλ
999 1575 1126 1654 ποιήσας

108 1669 223 1748 δεήσεις
250 1669 418 1752 ἐγγράφους
444 1668 610 1731 ἀπέστειλεν
636 1669 679 1744 είς
706 1671 776 1744 τοὺς
801 1673 1029 1754 πατριαρχικοδς
1051 1673 1126 1755 θρό-

107 1790 180 1840 νους
213 1768 325 1841 πάντας
356 1765 406 1828 καὶ
439 1767 481 1839 εἰς
513 1766 547 1828 τὰ
580 1767 612 1828 ίν
640 1761 853 1849 Ἱεροσολύμοις
885 1769 1048 1852 ἀσκητήρια
1075 1770 1126 1832 καλ
1140 1790 1166 1832 ιτ

108 1865 293 1946 μοναστήρια
310 1864 404 1926 πολλὰ
422 1865 554 1946 χρήματα
571 1865 622 1927 καὶ
640 1867 815 1944 θυμιάματα
833 1867 883 1928 καὶ
902 1869 1024 1950 κηροάς,
1043 1869 1126 1942 ὅπως

107 1961 250 2036 εὔξωνται
268 1963 335 2046 περλ
357 1963 462 2042 αὑτοῦ,
486 1963 536 2024 ἵνα
553 1963 609 2042 τήν
627 1961 773 2045 ἁμαρτίαν
791 1956 848 2025 ἁδε
866 1963 1012 2048 ἀπολάβη.
1053 1987 1126 2046 προ-

109 2063 327 2135 εσκανδαλίζετο
349 2059 381 2122 δὲ
404 2059 454 2122 καλ
476 2061 519 2134 είς
539 2059 721 2121 Φιλιππικὸν
743 2061 795 2122 τὸν
813 2061 947 2142 γαμβρὸν
970 2061 1063 2123 αὐτοῦ
1086 2060 1127 2135 ὥς

107 2159 149 2232 είς
176 2158 208 2221 τὸ
238 2165 280 2237 φῖ
298 2159 418 2239 γράμμα
447 2154 674 2236 ὀνομαζόμενον.
721 2153 754 2230 ὃς
781 2157 831 2218 καλ
854 2159 1007 2240 διαφόρως
1035 2158 1127 2220 αὐτὸν

109 2251 151 2317 δι’
173 2257 270 2337 ὅρκοιν
298 2254 496 2335 ίπληροφόρει
517 2253 652 2336 καθαρὸς
675 2249 751 2316 εἶναι
778 2265 831 2335 τής
853 2254 987 2332 ὑποψίας
1009 2257 1125 2335 ταύτης.
1141 2277 1167 2316 εο
1229 2289 1232 2296 ’

108 2363 161 2414 τοῦ
188 2350 220 2413 δὲ
243 2353 420 2432 Μαυρικίου
443 2351 494 2413 τδν
517 2351 592 2413 θεὸν
615 2352 796 2426 ἱκετεύοντος
819 2351 886 2432 περὶ
908 2363 961 2432 τής
984 2351 1126 2434 ἁμαρτίας

152 2519 268 2639 2814-2110
282 2516 316 2582 of.
331 2513 456 2582 Theoph.
468 2531 497 2582 p.
513 2519 574 2580 279,
585 2519 626 2567 26.
642 2544 676 2554 -
698 2519 770 2567 10-
774 2531 803 2583 φ.
820 2518 880 2582 661,
898 2520 931 2568 12
950 2516 984 2582 cf.
1000 2514 1125 2584 Theoph.

107 2603 135 2654 Ρ,
206 2628 213 2653 ’
263 2627 268 2637 q
1106 2617 1108 2620 .

182 2715 195 2762 1
216 2708 380 2778 συνελήφθη
399 2708 452 2780 γὰρ
471 2708 497 2762 V
519 2709 568 2763 καλ
587 2708 751 2779 συνελήφθη
770 2708 870 2764 RExc.
894 2740 928 2752 -
954 2715 969 2764 5
989 2709 1126 2778 ἐδήλωσεν

108 2781 156 2834 ΑΒ
180 2783 240 2850 (τοῦ
269 2779 300 2835 δὲ
322 2781 498 2849 δηλώσαντος
525 2779 603 2850 Exc.)
634 2780 826 2848 ἀντεδήλυσεν
852 2781 913 2837 rell.
943 2813 976 2821 —
1005 2779 1126 2850 νόμισμα

110 2850 289 2921 κομιζόμενος
316 2851 389 2906 κατὰ
415 2851 512 2923 ψυχήν
535 2851 561 2906 V
588 2871 648 2934 νομ.
673 2851 745 2906 κατὰ
772 2863 804 2921 ψ.
828 2850 1007 2922 κομιζόμενος
1029 2852 1062 2906 R.
1092 2881 1126 2893 -

109 2929 125 2976 9
145 2921 326 2992 δμαυρίκιος
344 2921 390 2976 Ac
414 2929 439 2978 et
459 2939 530 2977 τοοο.
551 2923 675 2991 qmdam.
700 2955 733 2964 ·-
759 2929 791 2976 12
816 2922 943 2977 ἐνταῦθα
963 2923 1015 2991 τὴν
1038 2921 1125 2992 ἁμαρ-

110 2992 175 3049 τίαν
185 2993 349 3048 ACDEGP
362 2994 413 3062 τήν
428 2990 567 3062 ἁμαρτίαν
582 2993 709 3050 ἐνταῦθα
718 2993 802 3047 BMV
815 2993 866 3064 τήν
881 2991 1021 3063 ἁμαρτίαν
1031 3010 1081 3049 om.
1092 2993 1125 3046 R.

109 3097 143 3155 -Ι
164 3070 197 3118 13
216 3065 264 3189 ιρριλ
282 3063 319 3133 μή
327 3061 588 3190 ffiThwpffl
606 3065 667 3118 rell.
687 3097 720 3105 -
741 3063 921 3134 δικαστηρίου
936 3064 1012 3118 ΑΒΡ
1032 3084 1126 3134 κριτη-

110 3153 222 3206 ριουτο
246 3167 306 3190 .-
378 3152 496 3191 τνοικ.
563 3181 568 3190 .

182 3275 251 3323 1-6
270 3268 431 3338 συλληφθεν
450 3264 502 3323 οίιν
520 3271 632 3337 πλῆθος
649 3269 722 3323 πολὺ
741 3269 857 3338 καὶτῆς
876 3287 898 3323 σ.
918 3271 1057 3338 παρακαλ.
1076 3269 1126 3326 τὸν

111 3342 171 3412 βασ.
188 3340 237 3394 καί
253 3338 418 3404 ἀποστείλας
436 3339 476 3402 είς
487 3340 543 3394 τδν
563 3340 624 3412 ἁρχ.
639 3348 696 3394 τῶν
710 3342 790 3412 βαρβ.
805 3339 933 3411 πρέσβεις
952 3337 1000 3394 ἵνα
1011 3371 1043 3380 -
1055 3341 1126 3394 ἀπο-

109 3410 187 3482 ίιάση,
205 3412 293 3480 φησλν
312 3410 327 3465 ὁ
347 3410 495 3482 βάρβαρος.
511 3412 540 3466 Ρ.
560 3443 593 3450 -
614 3415 684 3465 6-6
698 3409 877 3480 νομιζόμενος
890 3410 968 3479 παρὰ
982 3419 1032 3465 τοῦ
1047 3413 1126 3482 βασι-

109 3479 184 3543 λέως.
213 3481 228 3535 ὁ
245 3483 277 3538 δλ
295 3481 332 3552 μή
350 3483 380 3536 Ρ.
396 3513 429 3522 —-
450 3487 465 3535 7
484 3483 533 3536 κοιλ
550 3490 600 3536 τοῦ
615 3480 749 3553 βασιλέως
761 3481 791 3536 Ρ.
808 3513 841 3522 -
861 3487 876 3535 9
896 3481 979 3552 ἁμοῦ]
993 3482 1082 3542 εὐθὺς
1095 3481 1124 3534 Ρ.

109 3584 143 3593 -
165 3558 197 3606 13
216 3551 275 3606 ἐκεῖ
291 3553 320 3606 Ρ.
335 3584 369 3592 -
390 3558 423 3607 18
442 3554 491 3607 καί
508 3570 558 3607 om.
574 3553 603 3606 P.
622 3585 655 3593 -
677 3557 781 3606 19-20
801 3550 946 3622 διαφόρως
964 3553 1040 3624 αὐτῷ
1055 3551 1126 3605 ἐπάι-

109 3642 197 3693 μνυτο
216 3623 345 3691 καθαρὸς
362 3622 384 3676 Ρ
394 3623 519 3693 Theoph.
