2617 3909
536 231 725 282 xpomon
1073 231 1139 295 543

125 399 212 455 ματα.
258 375 307 437 καί
330 375 380 437 ἴνα
403 375 443 455 μὴ
467 381 649 458 μακρολογῶ,
671 378 768 439 πόθεν
787 396 834 440 σοι
856 379 887 442 τὸ
911 373 983 440 καθ’
1004 378 1139 457 έκαστον;

125 476 181 556 ούχ
199 476 236 536 έν
259 473 289 547 έξ
313 473 456 551 έκάστων;
480 466 523 536 ὧν
545 472 685 538 ἁπάντων
707 476 750 548 είς
772 477 859 539 ταύτὸ
879 477 1085 539 συνελθόντων
1102 480 1140 539 έν

126 574 360 653 δεισιδαιμονίας
383 572 545 655 μυστήριον
568 571 701 653 συνέστη.
742 576 772 635 τί
793 566 862 651 ούν;
886 575 1041 654 δεξόμεθα,
1063 576 1139 636 πάν-

124 694 186 734 των
213 669 470 753 ἀποχωρησάντων
497 671 538 743 εἰς
565 670 635 744 τοὺς
661 673 796 752 πρώτους
823 671 1017 755 εύραμένους,
1046 671 1138 752 μηδέν

123 768 225 850 ἕτερον
248 769 323 850 ἔχειν
345 768 424 848 πλὴν
446 779 499 849 τῆς
521 771 625 842 κακίας
646 769 697 830 καὶ
719 779 772 849 της
792 769 857 851 περί
876 771 908 833 τὸ
926 776 1012 833 θεῖον
1031 772 1138 850 ταύτης
1153 794 1165 833 τ
1179 795 1258 834 τετυ

122 868 324 946 καινοτομίας.
369 864 388 945 ἡ
412 866 467 948 γὰρ
490 875 543 928 τοῦ
565 867 654 948 λόγου
678 868 805 947 δύναμις
827 874 888 942 τοῖς
910 867 964 948 μέν
982 868 1139 930 ἐπιεικέσιν

123 965 230 1044 ὅπλον,
252 970 315 1038 τοῖς
337 962 369 1026 δέ
392 969 556 1044 μοχθηροῖς
578 963 699 1046 κέντρον
722 967 827 1040 κακίας
847 969 966 1046 γίνεται.

194 1061 255 1123 Καὶ
283 1061 381 1142 μέντοι
408 1061 458 1123 καί
484 1061 554 1135 τοὺς
573 1057 738 1137 Ἰουδαίους
766 1063 840 1124 κατὰ
866 1074 925 1125 τῶν
952 1069 1139 1145 Χριστιανῶν

122 1161 285 1236 ἐξοπλίζων
307 1158 392 1241 ἤρετο
415 1161 550 1233 τούτους·
577 1159 627 1221 διὰ
649 1161 680 1220 τί
699 1161 788 1222 θύειν
810 1170 863 1222 τοῦ
885 1162 980 1240 νόμου
1004 1164 1139 1224 κελεύον-

124 1283 175 1333 τος
203 1258 240 1320 ού
267 1259 369 1335 θύετε;
396 1268 454 1319 τῶν
482 1255 514 1319 δέ
541 1257 592 1318 τὸν
619 1257 651 1319 έν
671 1251 883 1340 Ἱεροσολύμοις
909 1259 984 1321 ναὸν
1011 1259 1061 1321 καί
1085 1261 1139 1339 τὴν
1154 1283 1179 1322 10

123 1357 218 1419 ἐκεῖσε
232 1354 503 1438 περιγεγραμμένην
512 1355 610 1416 αὐτῶν
619 1356 753 1437 λατρείαν
762 1355 1020 1437 προβαλλομένων,
1034 1357 1139 1418 αὐτίκα

125 1453 303 1536 προσέταξεν
326 1452 342 1515 δ
365 1454 512 1533 θεομάχος
539 1451 685 1534 ἀνεγεῖραι
712 1452 764 1514 τὸν
791 1448 854 1513 κατ’
876 1451 969 1534 ὀργὴν
991 1454 1041 1515 καὶ
1063 1456 1139 1537 γνώ-

125 1576 187 1632 μην
210 1558 285 1612 θεού
308 1551 382 1614 ναὸν
405 1549 615 1612 καταλυθέντα.
657 1550 812 1613 καὶτοῦτο
832 1551 902 1631 μετὰ
922 1557 1141 1635 πολλῆςχαρᾶς

123 1648 305 1723 ἀκούσαντες
328 1649 419 1710 άπασι
442 1648 477 1709 τὰ
499 1648 734 1730 προστεταγμένα
756 1657 817 1723 τοῖς
839 1651 911 1712 κατὰ
930 1651 985 1731 τὴν
1004 1650 1139 1731 οἰκουμέ-

124 1771 184 1826 νην
207 1745 373 1825 ὁμοφύλοις
394 1746 554 1825 έδήλωσαν.
599 1746 649 1808 καῖ
667 1749 700 1808 οί
719 1746 773 1827 μέν
795 1748 983 1829 πανταχόθεν
1007 1747 1140 1832 συνέτρε-
1155 1772 1181 1811 15

123 1869 179 1926 χον
211 1844 261 1906 καί
292 1845 425 1925 χρήματα
456 1843 506 1905 καὶ
537 1847 712 1928 προθυμίαν
744 1847 786 1919 είς
815 1846 870 1925 τὴν
897 1846 1060 1926 οἰκοδομὴν
1088 1857 1140 1908 τοῦ

126 1952 203 2004 ναού
221 1940 474 2024 προεισφέροντες,
498 1941 514 2004 ό
534 1941 565 2004 δέ
587 1943 810 2005 συναπέστειλεν
828 1943 929 2018 αύτοῖς
946 1943 996 2005 καί
1015 1943 1141 2025 άρχοντα

124 2040 176 2102 καί
203 2039 316 2119 πολλὴν
344 2039 506 2123 ὑπηρεσίαν
534 2040 584 2102 καί
610 2042 791 2123 συνδρομήν.
837 2041 990 2114 σκαπάνας
1012 2041 1067 2122 γάρ
1090 2041 1140 2102 καί

125 2137 227 2218 άμμας
247 2136 377 2219 ἀργυρᾶς
396 2139 614 2213 κατασκευάσας
633 2138 802 2219 συνέπεμψε
820 2145 882 2212 τοῖς
900 2137 1050 2211 ἀντιθέοις
1066 2134 1140 2200 Ἰου-

127 2237 233 2309 δαίοις.
279 2234 329 2296 καί
356 2234 419 2297 ἐπεὶ
448 2233 579 2318 όρύττειν
605 2236 732 2317 ἤρξαντο
759 2236 809 2298 καῖ
837 2238 888 2299 τὸν
910 2246 984 2317 χούν
1006 2235 1140 2319 ἐκφέρειν
1155 2260 1181 2299 εο

129 2332 236 2395 πολλαί
264 2333 418 2414 μυριάδες,
448 2333 588 2412 ἐξαπίνης
615 2332 718 2413 άνεμοι
750 2335 885 2416 ῥαγδαῖοι
915 2335 1011 2414 βίαιοί
1035 2357 1065 2396 τε
1091 2333 1141 2395 καὶ

126 2430 275 2512 στρόβιλοι
296 2431 474 2504 πνεύσαντος
492 2429 612 2512 ἀθρόως
630 2432 762 2505 ἅπαντας
781 2430 978 2494 διεσκέδασαν.
1020 2432 1141 2494 ἐκείνων

126 2527 161 2590 δέ
184 2528 357 2607 μεμηνότων
384 2528 426 2590 έτι
455 2527 505 2589 καί
527 2537 562 2613 τῇ
586 2531 656 2613 θείᾳ
679 2532 872 2615 μακροθυμίᾳ
895 2529 935 2610 μη
960 2534 1140 2611 σωφρονιζο-

129 2624 244 2706 μένωυ,
281 2625 353 2687 ἀλλὰ
388 2636 441 2688 τοῦ
474 2626 560 2707 έργου
592 2628 681 2688 πάλιν
716 2625 903 2708 ἁπτομένων,
938 2637 1055 2709 πρῶτον
1088 2627 1141 2708 μέν

126 2723 247 2804 σεισμὸς
274 2723 385 2805 έγένετο
414 2723 547 2806 μέγιστος
573 2724 623 2786 καὶ
648 2727 866 2807 φοβερώτατος,
896 2725 993 2787 έπειτα
1021 2724 1053 2788 δέ
1080 2736 1140 2807 πῦρ
1154 2743 1190 2789 ιε’

199 2930 287 2993 8—1).
304 2929 363 2988 644,
379 2927 395 2976 8
414 2924 448 2990 cf.
465 2923 630 2978 Theodoret.
646 2923 680 2976 H.
695 2923 764 2979 eccl.
777 2923 824 2986 ΠΙ,
839 2928 881 2976 20.

199 3091 274 3154 ῖείς
296 3091 380 3146 ταύτὸ
399 3091 472 3144 BFP
495 3091 535 3153 είς
552 3093 655 3146 ταύτὸν
673 3093 699 3145 A
722 3091 762 3154 είς
785 3091 853 3146 αὐτὸ
877 3090 936 3146 rell.
961 3123 994 3131 —
1019 3096 1033 3143 7
1054 3089 1140 3146 ὅπλον

124 3165 167 3228 είς
189 3161 292 3230 ἀρετήν
310 3163 338 3216 N
360 3164 461 3217 ουοιιί.
483 3163 582 3232 ἀρετῆς
605 3160 692 3217 ὅπλον
712 3164 809 3216 Αυωεθ.
834 3195 868 3202 -
893 3167 926 3215 13
945 3162 1140 3217 καταλυθέντα

124 3234 198 3292 ναόν
216 3234 268 3289 FL.
289 3266 323 3274 -
344 3239 376 3286 19
395 3232 520 3304 άμναςΟ
539 3233 630 3303 άσμας
643 3233 673 3287 Μ
691 3234 764 3302 άμας
781 3250 851 3287 rece.
867 3233 990 3302 quidam.
1010 3267 1044 3274 —
1063 3236 1140 3288 ἀντι-

123 3305 222 3368 θέτοις
245 3306 270 3358 Α
298 3321 347 3360 om.
372 3303 401 3357 L.
430 3335 465 3345 -
497 3301 636 3366 ίουδαίοις
663 3322 713 3359 om.
737 3303 850 3358 EFGN.
881 3338 913 3345 —
947 3309 980 3358 20
1009 3305 1140 3374 ἐκφορεῖν

124 3377 260 3432 FTheod.

199 3542 213 3589 7
234 3537 396 3604 γινώσκεται
417 3534 447 3588 Ρ.
472 3567 506 3574 -
531 3541 571 3588 12.
587 3541 618 3588 13
644 3535 729 3605 ὀργὴν
751 3539 823 3590 θεοῦ
847 3536 894 3590 καί
919 3538 1031 3606 γνώμην
1054 3536 1084 3589 P.
1106 3568 1139 3574 —

126 3613 161 3662 20
181 3608 243 3662 ἐπεὶ
262 3603 313 3662 ούν
333 3610 391 3674 (om.
407 3607 465 3674 καί)
483 3605 513 3659 P.

181 3705 327 3755 Georgius
341 3705 500 3744 Monachus
514 3705 549 3745 οδ.
565 3705 674 3744 deBoor.
695 3705 727 3745 IL
946 3700 979 3747 ³5
