2617 3909
525 224 715 275 XPONIKON
771 285 773 287 ,
1058 223 1126 288 639

106 371 143 432 τδι
162 364 327 451 Νεστορίου
349 379 530 450 φρονοῦντες
548 370 736 432 ἐσπούδασαν
754 363 847 444 αὖθις
864 371 920 451 τήν
938 372 1051 454 αἵρεσιν
1069 370 1125 433 αύ·

106 480 167 532 τῶν
186 479 330 551 κρατῦναι
348 468 398 530 διὰ
416 478 468 549 τῆς
484 468 642 549 Θεοδώρου
660 478 713 529 τοῦ
728 470 968 548 Μομφουεστίας
985 468 1126 552 ἀφορμῆς

106 573 207 652 πολλῷ
234 568 351 649 χείρονα
382 576 436 628 τοῦ
463 572 602 646 μαθητοῦ
630 567 724 628 αύτοῦ
751 568 916 648 Νεστορίου
947 567 1126 647 βλασφημή-

107 683 223 738 σαντος.
269 665 343 726 ὅθεν
369 666 473 726 τοίνυν
495 663 545 725 καί
572 661 658 743 ἡμεῖς
680 663 918 738 ἀκολουθοῦντες
939 671 1002 738 τοῖς
1024 662 1080 745 ήμε
1095 663 1125 726 έ-

107 786 172 845 ροις
198 764 325 845 πατράσι
351 762 401 823 καί
427 762 604 842 βουλόμενοι
633 762 689 840 τήν
716 760 816 843 ὀρθήν
842 764 941 823 πίστιν
969 761 1125 843 ἀλύβητον
1152 784 1165 824 ο

107 862 361 939 διαφυλάττεσθαι
392 858 594 943 προτρέπομεν
625 858 676 920 καλ
707 860 814 921 τούτου
850 858 902 932 τὰς
933 861 1126 940 βλασφημίας

107 959 321 1031 διεξετάσαντες
350 951 414 1018 κατ’
436 957 528 1019 αὐτοῦ
556 956 606 1017 καλ
633 966 693 1018 τῶν
720 954 901 1038 ὁμοφρόναν
930 957 1023 1019 αύτοῦ
1050 957 1126 1019 ἀπο-

108 1057 276 1134 φήνασθαι.
321 1056 395 1136 πρὸς
417 1054 473 1137 γάρ
494 1060 558 1129 ταῖς
575 1052 678 1127 ἀλλαις
700 1054 794 1116 αύτοῦ
811 1053 1031 1137 ἀναριθμήτοις
1053 1056 1126 1116 δυσ-

36 1228 39 1233 .
107 1153 236 1232 φημίαις
258 1154 301 1227 εἰς
319 1152 449 1233 Χριστὸν
472 1154 523 1215 τὸν
546 1153 620 1215 θεὸν
643 1149 730 1231 ήμῶν
752 1150 924 1233 γενομέναις
941 1148 1030 1215 ἀλλον
1048 1148 1126 1214 εἶναι
1239 1212 1241 1218 .

108 1250 160 1313 τὸν
188 1251 263 1313 θεὸν
290 1250 378 1332 λόγον
405 1250 465 1329 ἔφη
492 1249 543 1311 καί
569 1248 659 1311 ἀλλον
681 1250 734 1311 τὸν
757 1249 887 1330 Χριστὸν
909 1249 968 1312 ύπδ
992 1260 1051 1312 τῶν
1073 1259 1126 1330 τῆς
1140 1272 1166 1313 ιο

107 1358 210 1429 ψυχῆς
232 1354 343 1409 παθῶν
365 1347 415 1409 καὶ
437 1357 497 1409 τῶν
520 1357 572 1427 τῆς
590 1347 699 1428 σαρκὸς
719 1347 890 1426 ἐπιθυμιῶν
912 1347 1126 1428 ἐνοχλούμενον

107 1444 159 1507 καί
181 1455 241 1506 τῶν
263 1445 405 1526 χειρόνων
429 1444 502 1505 κατὰ
525 1445 631 1526 μικρὸν
653 1443 857 1524 ἀφιστάμενον
879 1446 954 1528 πρὸς
975 1445 1011 1506 τά
1033 1447 1126 1527 κρείτ-

108 1566 182 1605 τονα
199 1552 234 1628 τῆ
254 1551 391 1627 προκοπῇ
410 1552 469 1603 τῶν
487 1542 581 1623 ἔργων
598 1542 777 1621 ἐληλυθέναι
795 1543 846 1605 καλ
865 1552 901 1629 τῆ
920 1543 1023 1629 ἀρίστη
1042 1548 1127 1605 πολι-

107 1641 170 1724 τείᾳ
188 1638 348 1721 γενόμενον
366 1637 501 1719 ἀμυμον,
522 1638 574 1713 καλ
596 1638 637 1714 ὡς
654 1641 748 1718 ψιλὸν
765 1639 930 1724 ἀνθρωπον
948 1641 981 1703 ἐν
1004 1639 1126 1721 δνόματι

107 1738 218 1818 πατρὸς
241 1736 291 1798 καλ
313 1738 382 1799 υἱοῦ
404 1736 454 1798 καλ
477 1735 564 1819 ἁγίου
586 1740 756 1818 πνεύματος
774 1742 979 1821 βαπτισθῆναι
1001 1738 1052 1801 καλ
1075 1738 1125 1801 διὰ
1140 1761 1167 1802 ιτ

108 1842 162 1896 τοῦ
184 1836 384 1915 βαπτίσματος
406 1834 461 1914 τήν
484 1836 569 1916 χάριν
592 1845 645 1898 τοῦ
668 1835 757 1918 ἀγίου
780 1839 947 1917 πνεύματος
972 1836 1127 1917 εἰληφέναι

38 1982 42 1989 .
107 1932 159 1994 καλ
181 1934 337 2006 υίοθεσίας
353 1931 503 2013 ἠξιῶσθαι
521 1933 571 1995 καί
589 1928 662 1995 καθ’
679 1933 822 2014 δμοίοισιν
840 1938 994 2014 βασιλικῆς
1011 1934 1128 2007 εἰκόνος

108 2032 151 2103 είς
178 2030 338 2111 πρόσωπον
365 2040 418 2092 τοῦ
441 2037 517 2092 θεοῦ
545 2031 635 2113 λόγου
660 2031 713 2093 τὸν
736 2031 865 2112 Χριστδν
891 2037 1128 2113 προσκυνεῖσθαι

107 2126 159 2190 καλ
183 2127 253 2207 μετὰ
275 2127 330 2207 τήν
349 2126 510 2189 ἀνάστασιν
528 2126 671 2208 ἀτρεπτον
694 2134 757 2202 ταῖς
775 2128 905 2199 ἐννοίαις
927 2127 977 2189 καλ
994 2126 1127 2208 ἀναμάρ-
1242 2133 1245 2137 ’

108 2247 198 2304 τητον
218 2230 405 2306 γεγενῆσθαι.
446 2224 496 2286 καί
519 2225 594 2305 πρὸς
611 2226 726 2297 τούτοις
749 2219 810 2286 εἷπε
829 2225 970 2303 τοιαύτην
987 2223 1127 2305 γενέσθαι
1141 2247 1168 2286 ιο

107 2324 165 2402 τῆν
183 2321 290 2384 ἕνωσιν
308 2330 361 2381 τοῦ
377 2327 453 2383 θεοῦ
472 2320 561 2403 λόγου
579 2322 654 2403 πρὸς
671 2321 723 2383 τὸν
737 2323 876 2404 Χριστόν,
895 2320 1003 2384 ὁποίαν
1021 2319 1127 2383 δάπό-

109 2427 211 2494 στολος
233 2420 292 2499 ἔφη
320 2419 387 2503 περλ
413 2429 466 2481 τοῦ
489 2418 599 2500 ἀνδρὸς
626 2418 676 2480 καλ
702 2428 756 2499 τῆς
778 2420 933 2502 γυναικός·
960 2419 1076 2481 ἔσονται
1098 2420 1131 2481 οί

109 2520 166 2582 δύο
188 2519 230 2592 είς
253 2518 349 2598 σάρκα
370 2518 450 2598 μίαν.
492 2517 534 2579 ἔτι
553 2515 585 2579 δὲ
604 2515 806 2599 προτρέπομεν
829 2515 907 2596 ὑμᾶς
924 2516 1055 2590 ἐξετάσαι
1078 2516 1180 2580 καίτοι
1195 2540 1227 2580 α.

108 2617 145 2681 τά
163 2625 261 2690 κακῶς
278 2613 430 2697 γραφέντα
452 2614 533 2697 παρά
555 2615 749 2697 Θεοδωρήτου
772 2610 900 2694 καίἼβα
922 2613 996 2675 κατά
1019 2624 1072 2694 τῆς
1094 2614 1128 2676 ἒν

105 2712 222 2798 Ἐφέσῳ
245 2714 364 2794 πρώτης
391 2711 478 2794 άγίας
505 2710 635 2774 συνόδου
663 2711 714 2773 καί
742 2709 851 2790 ὁμοίως
878 2712 912 2772 τά
937 2707 1002 2773 κατ’
1027 2712 1127 2773 αύτῦν
1141 2734 1167 2774 ετ

107 2811 337 2889 ἀποφήνασθαι.

176 2907 237 2969 Καί
260 2916 351 2969 ταῦτα
369 2909 459 2969 πάλιν
477 2906 616 2982 ὡσαύτως
634 2909 667 2970 οί
686 2914 767 2969 θεῖοι
790 2906 1128 2988 πολυπραγμονήσαντες

107 3004 230 3086 πατέρες
261 3004 480 3087 ἀπεκρίθησαν·
511 3003 530 3085 ή
559 3004 612 3085 μὲν
640 3006 673 3067 ἐν
701 3005 874 3084 Χαλκηδόνι
900 3004 971 3065 θεία
998 3004 1126 3076 σύνοδος

181 3156 215 3204 τε
234 3149 305 3221 Eph.
321 3155 346 3218 ε,
361 3155 403 3204 31.

182 3272 197 3319 λ
217 3263 425 3355 μομφουίστίμς
444 3263 490 3319 AG
509 3263 627 3389 μόμψου
646 3262 739 3355 ἑστίας
757 3263 809 3318 ΕΡ
831 3260 1022 3355 μμψουεστίας
1038 3263 1072 3319 V.
1092 3297 1127 3356 ἶ-

109 3336 234 3461 ὅτι
253 3338 460 3462 ναῦται
477 3334 538 3460 {v
551 3336 866 3477 ἀνεκοινοῦτο
881 3335 941 3461 αλ·
962 3335 1128 3460 ῐζοε

108 3424 580 3549 ύόόθαι,όΒΡγγεγλνῆσόαι’τελλ
600 3428 644 3518 -λι
654 3482 689 3531 28
708 3477 862 3550 καλχηδόνι
879 3449 945 3532 BV.⁸
1083 3428 1099 3476 y

183 3599 199 3646 2
218 3601 268 3647 τοῦ
286 3610 337 3649 om.
352 3594 383 3647 P.
403 3624 437 3633 —
456 3600 472 3647 3
492 3600 587 3665 χεῖρον
606 3594 693 3648 αὐτοῦ
712 3597 781 3663 μαθ.
796 3593 826 3649 Ρ.

166 3690 308 3741 Georgius
322 3692 481 3734 Monachus
496 3693 531 3733 ed.
546 3692 574 3732 de
587 3692 656 3733 Boor.
681 3691 713 3731 IL
933 3686 966 3735 41
