2617 3909
177 202 244 266 536
490 204 676 256 ΓΕΩΡΓΙΟΤ
694 205 877 256 MONAXOT

178 353 287 426 ἐκεῖνος
318 362 370 432 τῆς
403 361 503 434 φυγῆς
529 352 584 431 τὴν
612 352 710 414 αἰτίαν
736 350 924 432 ἕπεμέμψατο
951 361 1057 414 τοῦτον
1084 351 1190 434 λέγων·
1301 404 1302 423 ,

177 452 213 514 ού
237 450 434 533 φοβηθέντες,
456 447 496 524 ὥς
519 450 556 512 σύ
579 451 717 529 νομίζεις,
738 448 811 511 ἀλλά
831 450 1040 530 βδελυξάμενοτ
1058 451 1092 512 τό
1110 451 1193 532 παρά
1301 428 1302 479 3

176 569 232 613 σον
254 549 414 632 γενόμενον
436 546 634 629 ἀνεχώρησαν.
671 548 749 610 ούτω
769 547 956 628 βονκολήσας
973 549 1025 611 τδν
1043 548 1193 629 αἰχμάλω

176 671 228 709 τον
251 645 360 726 ἐμύησί
382 669 411 707 τε
433 644 483 706 καί
505 655 558 708 τοῦ
582 645 696 724 μύσους
717 642 884 724 ἐνέπλησεν.
926 646 1032 724 αἵμασι
1054 645 1111 728 γὰρ
1134 670 1192 720 μν-

150 750 278 826 εσαροῖς
301 743 541 823 ἀπολουσάμενος
563 743 595 804 τὸ
618 749 705 806 θεῖον
732 743 896 824 βάπτισμα,
923 741 943 822 ἡ
966 753 1019 824 τῆς
1041 745 1192 824 βασιλείας

176 843 323 921 ἐπιθυμία
359 851 411 921 τῆς
446 842 594 922 εὐσεβείας
628 841 778 923 ἐγύμνωσε
809 841 861 904 τὸν
892 841 1074 924 τρισάθλιον.
1128 836 1192 904 εἶτα

176 941 382 1012 Κωνστάντιος
409 949 514 1002 τοῦτον
544 939 800 1019 μεταστειλάμενος
825 938 876 1001 καί
902 937 1104 1021 ἀναγορεύσας
1125 941 1193 1001 καί.

177 1056 252 1121 σαρα
282 1037 338 1100 σὺν
366 1036 445 1122 αύτῷ
468 1037 542 1098 κατὰ
569 1042 695 1118 Περσῶν
721 1036 900 1116 ἐξώρμησεν·
934 1035 1131 1118 ύποστρίφων
1158 1035 1191 1100 δὲ

177 1145 282 1199 τοῦτον
304 1134 505 1217 αύτοαράτορα
526 1136 707 1212 καταλείψας
728 1133 881 1197 ἀπέθανεν
903 1135 936 1197 ἐν
957 1136 1088 1220 Κιλινίμ.

136 1257 163 1298 το
240 1227 310 1312 Ἐφ’
336 1226 374 1295 οδ
400 1232 552 1312 Εύνόμιος
579 1232 629 1294 καί
659 1231 807 1306 Φωτεινὸς
837 1230 888 1294 ναί
915 1232 1108 1306 Μωαδόνιος
1140 1232 1190 1294 καί

174 1327 376 1410 Ἀπολινάρως
408 1330 440 1391 οί
468 1331 649 1411 αίρεσιάρχαι
675 1330 874 1413 δγνωρίζοντο.
924 1329 974 1392 καί
1000 1328 1037 1391 τδι
1062 1330 1190 1408 λείψανα

176 1439 235 1492 τῶν
264 1427 357 1510 άγίων
383 1427 555 1490 ἀποστόλων
579 1422 719 1509 Ἀνδρίου
747 1427 797 1489 καί
823 1433 932 1490 Λοντιᾶ
959 1425 1010 1488 καλ
1039 1427 1190 1507 Τιμοθέου

176 1527 319 1606 εἰσῆλθον
342 1525 374 1588 ἐν
392 1527 712 1589 Κωνσταντινονπόλει.
757 1525 808 1587 καί
829 1525 998 1606 Φλαβιανὸς
1014 1520 1191 1608 Ἀντιοχείας

177 1625 244 1704 διχῆ
272 1623 342 1698 τοὺς
371 1633 430 1685 τῶν
457 1623 632 1700 ψαλλόντων
658 1623 765 1704 χορούς
788 1622 894 1686 διελὼν
916 1623 949 1686 ἐν
972 1625 1113 1704 διαδοχῆς
1135 1624 1190 1704 τὴν

135 1745 163 1784 15
178 1721 333 1800 δαοιτικην
351 1720 463 1795 ἐδίδαξε
482 1731 596 1802 πρῶτος
614 1719 698 1806 ᾅδειν
717 1723 874 1808 μελῳδίαν,
892 1721 963 1802 ὅπερ
981 1721 1015 1783 ἐν
1030 1717 1190 1808 Ἀντιοχείᾳ

177 1828 294 1899 πρῶτον
316 1818 481 1900 ἀρξάμενον
503 1820 629 1882 πάντοσε
653 1818 790 1901 διέδραμε
807 1829 860 1900 τῆς
878 1817 1056 1899 οίιτονμίνης
1074 1818 1110 1880 τὰ
1127 1819 1190 1901 τέρ-

177 1941 261 1996 ματα.
300 1917 350 1979 καί
373 1914 392 1997 η
416 1917 448 1979 ἐν
467 1919 601 2003 Σαρδικῇ
625 1916 676 1980 παλ
698 1914 717 1997 ἡ
741 1916 773 1979 ἐν
791 1917 937 1999 Γάγγροις
958 1915 1093 1999 ἐγίνοντο
1117 1918 1189 1980 σύν-

177 2016 256 2097 οδω,
284 2013 304 2095 ἡ
328 2013 381 2097 μὲν
407 2015 481 2077 κατὰ
504 2013 683 2097 Μαραίλλον
706 2013 756 2078 καί
781 2018 933 2077 Φωτεινού
956 2016 1047 2093 ψιλὸν
1069 2013 1191 2097 ἀνδρω-

176 2136 235 2175 πον
257 2112 309 2176 τὸν
327 2112 456 2195 Χριστὸν
478 2113 748 2194 βλασφημούντων,
771 2110 790 2192 ἡ
814 2112 847 2175 δὲ
869 2113 944 2174 κατά
966 2121 1025 2175 τῶν
1043 2119 1190 2193 μαθητῶν

137 2235 163 2275 νο
177 2211 352 2274 Εύσταθίοο
379 2221 432 2273 τοῦ
455 2212 648 2292 Σεβαστείας,
676 2212 707 2273 ολ
731 2209 781 2272 καὶ
804 2209 1009 2274 Μεσσαλιανοὶ
1031 2210 1190 2292 λεγόμενοι.

248 2387 317 2437 4-6
332 2382 437 2438 Theod.
448 2383 523 2484 Ιιοολγ.
534 2383 569 2450 cf.
579 2381 644 2437 Exo.
655 2382 718 2437 Bar.
729 2382 854 2452 Theoph.
867 2398 895 2450 p.
906 2386 992 2450 46,18
1006 2382 1062 2436 Leo
1075 2399 1102 2452 p.
1112 2387 1155 2450 94,
1163 2388 1188 2437 5.

177 2452 1139 2595 gufffissnffaffifflaf·3²⁵1’aff12‘613033310253ffi.‘iffi'34⁸⁷’
1156 2459 1190 2509 ¹⁹

249 2674 263 2720 1
278 2665 455 2737 ἐπεμέμομοιτο
469 2666 577 2723 ENPV
596 2665 738 2738 ἐμέμψατο
753 2666 851 2720 BFLR
868 2665 1089 2736 άπεπέμψατοΑ
1107 2665 1190 2736 ἐπέμ-

177 2748 252 2806 ψατο
276 2736 327 2793 GG
359 2770 392 2779 -
416 2742 432 2791 5
455 2744 559 2808 τῇ-6
583 2735 722 2813 ἐπιδημίᾳ
740 2737 787 2792 FV
811 2734 949 2808 ἐπιθυμία
972 2740 1032 2808 (οπο.
1049 2738 1078 2808 ἡ)
1096 2739 1129 2791 R.
1156 2770 1190 2780 —

178 2815 210 2864 13
230 2809 261 2865 ἐν
280 2807 423 2882 ἀντιοχεία
441 2809 475 2863 N.
495 2841 530 2850 —
550 2815 582 2864 16
601 2808 723 2865 πάντοσε
742 2814 820 2878 (corr.
834 2825 868 2863 ex
885 2808 1007 2864 παντόσε
1023 2809 1056 2879 Ρ)
1075 2807 1189 2878 διέδρα-

175 2900 226 2950 μεν
249 2882 299 2935 ΒΡ
324 2864 444 2936 παντόσε
468 2879 618 2950 διέδραμεν
636 2880 743 2934 ADEL
770 2879 876 2943 παντὸς
899 2878 999 2947 ίδιίδρ.
1019 2879 1049 2933 Μ
1076 2879 1191 2945 πάντως

178 2950 277 3021 ἐδιέδρ.
294 2952 314 3008 0
336 2954 442 3017 παντὸς
460 2950 546 3020 διέδρ.
561 2953 587 3006 R
604 2951 764 3023 πανταχόσε
782 2949 868 3019 διέδρ.
883 2950 910 3004 V
928 2951 1039 3007 ἐκεῖθεν
1056 2951 1142 3020 διέδρ.
1158 2951 1189 3005 F.

178 3055 211 3064 —-
226 3023 368 3095 σπέρματα
382 3024 407 3078 Α
426 3022 533 3092 πέρατα
548 3022 658 3076 BFMR
668 3022 744 3078 Suid.
759 3041 783 3078 ο.
793 3020 884 3092 χορός.
900 3054 932 3061 -
949 3028 981 3077 17
996 3021 1128 3148 γχίχχροις
1141 3023 1190 3077 ΔΡ

176 3093 326 3164 γάγγραΕ1
352 3095 509 3166 γάγροιιςΙι
538 3094 674 3165 γάγγραις
695 3094 755 3149 rell.
784 3125 817 3134 —
847 3099 880 3146 19
905 3092 1006 3164 ύμολογ
1075 3115 1114 3148 ων
1140 3096 1190 3148 καί

177 3167 416 3236 βλασφημούντων
434 3167 455 3220 F
479 3165 699 3221 ἀποκαλούντων
717 3165 834 3234 (ἐπικαλ.
854 3163 888 3233 D)
913 3165 962 3218 καλ
980 3167 1081 3236 βλασφ.
1097 3164 1130 3218 N.
1153 3195 1188 3207 --

176 3241 211 3289 20
231 3235 376 3307 σεβαστίας
390 3236 531 3292 ABODL.
547 3267 581 3279 -
600 3238 762 3306 μεσαλτανολ
776 3236 827 3289 ΕΙι
844 3242 870 3290 τί
882 3251 952 3290 roco.
967 3236 1085 3304 quidam
1107 3255 1190 3305 μετα-

176 3309 273 3434 hano}
286 3308 424 3432 τοοοᾙοχλὶἰ
442 3308 601 3377 μεσσαλινοί
619 3307 652 3360 A.
673 3340 706 3348 -
729 3316 786 3362 τῶν
804 3308 853 3361 καλ
871 3311 1046 3376 μεσαλιανῶν
1064 3312 1136 3377 (μασ.
1154 3308 1189 3377 B)

177 3381 259 3448 λεγομ
274 3399 331 3434 νων
402 3422 407 3432 ,

250 3516 263 3563 1
282 3510 389 3565 τούτων
407 3511 436 3564 Ρ.
457 3541 490 3550 -
515 3517 530 3564 6
550 3493 689 3580 ἐγύμνωσε
706 3528 741 3564 m.
755 3514 775 3564 2
791 3528 826 3566 τω
844 3510 980 3581 ἐγύμνωσε
998 3512 1029 3566 Ρ.
1048 3543 1081 3552 -
1105 3517 1122 3564 9
1140 3513 1191 3566 καί

176 3589 276 3637 τοῦτον
294 3582 346 3651 (lit.
361 3598 429 3636 corr.
444 3597 478 3635 ιω
495 3581 611 3650 τούτων)
630 3581 660 3634 Ρ.
680 3613 715 3620 -
735 3587 767 3634 12
786 3580 874 3652 ἁγίων
893 3599 943 3638 ονε.
958 3583 988 3637 Ρ.
