2617 3909
530 192 720 246 xromxon
1071 195 1136 262 799

121 336 222 399 δεινὸν
245 335 417 418 ὑποφήτην,
440 335 495 416 ὑφ’
512 335 553 403 οὗ
581 341 689 404 καὶτὰ
712 343 866 424 γράμματα
888 344 1063 419 παιδευθεὶς
1087 345 1137 408 καὶ

121 438 342 511 ὑπονοθευθείς
369 436 385 499 ό
408 438 575 520 εάρίπιστος
606 439 656 502 καί
684 443 810 516 δείλαιος
840 440 988 524 ὑπηρέτης
1014 443 1136 522 δόκιμος

118 538 265 619 ἐχθίστων
287 539 466 620 πραγμάτων
493 536 544 599 καὶ
571 547 624 601 τοῦ
646 538 789 620 διαβόλου
816 539 983 619 ἐπιτήδειον
1008 539 1136 624 όργανον

118 637 248 720 γέγονεν.
285 635 338 711 οδς
362 634 400 697 ἀν
418 636 542 710 ἐνδίκως
561 635 577 699 δ
595 643 681 710 θεῖος
704 639 790 720 λόγος
812 639 986 721 ε’παράσεται
1009 645 1135 722 σχετλια-

118 746 225 809 στικῶς
248 736 385 814 φάσκων·
410 733 479 796 οὐαί
501 734 613 815 αὐτοῖς,
636 735 681 796 ότι
705 745 738 821 τῇ
761 735 820 821 ὁδῷ
840 745 893 798 τοῦ
910 737 990 799 Κάῖν
1013 737 1134 819 ἐπορεά-
1162 761 1175 800 5

118 842 221 913 θησαν
248 833 298 895 καὶ
325 843 360 918 τῇ
384 834 482 918 πλάνη
506 843 558 894 τοῦ
582 833 706 913 Βαλαὰμ
734 839 846 912 μισθοῦ
874 833 1057 915 ἐξεχύθησαν
1085 835 1135 898 καὶ

117 943 154 1018 τῇ
173 931 324 1017 ἀντιλογίᾳ
347 941 400 993 τοῦ
419 929 497 1013 Κορὲ
520 930 682 994 ἀπώλοντο.
721 925 806 994 οὗτοί
826 933 882 994 εἰσι
904 932 1062 1015 γογγυσταί
1085 934 1135 1000 καί

118 1031 314 1111 μεμψίμοιροι
336 1029 411 1090 κατὰ
432 1029 484 1104 τάς
502 1029 665 1109 ἐπιθυμίας
688 1030 787 1092 αὐτῶν
806 1031 1000 1112 πορευόμενοι
1021 1031 1053 1094 ἐν
1071 1038 1135 1108 ταῖς

117 1129 244 1203 ἀπάταις
266 1129 374 1191 αὐτῶν.

181 1222 376 1315 Ἐφαρμόσειε
399 1221 427 1289 δ’
448 1225 487 1288 ἀν
509 1227 589 1312 αὐτῷ
608 1228 686 1307 μάλα
708 1227 827 1301 εἰκότως
854 1227 904 1290 καὶ
926 1227 962 1290 τδι
984 1229 1058 1290 κατὰ
1079 1239 1174 1293 τοῦτο

116 1327 286 1409 δμοτρόπου
303 1326 397 1388 αὐτοῦ
413 1322 577 1388 Ἰουλιανοῦ
600 1325 681 1407 παρὰ
703 1335 738 1412 τῇ
758 1325 890 1411 θεολόγῳ
909 1327 1133 1408 στηλιτευόμενα

115 1426 246 1509 γλώσση·
270 1424 388 1507 σφόδρα
405 1423 461 1506 γδιρ
480 1423 610 1505 ἐμφερὴς
628 1423 802 1504 ἀναπέφηνε
823 1424 932 1499 καλεῖς
950 1423 1044 1505 μηδὲν
1062 1425 1132 1488 ἀπε-

116 1522 206 1596 οικὼς
233 1533 285 1603 της
310 1522 425 1585 ἐκείνου
451 1523 631 1605 κακουργίας
658 1522 708 1584 καὶ
735 1524 922 1605 δυστροπίας.
958 1523 1018 1603 ἔφη
1045 1533 1131 1607 γοῦν·

116 1632 180 1696 πῶς
204 1621 244 1701 μὴ
268 1621 406 1703 δακρύσω
429 1621 481 1682 τὸν
503 1619 626 1700 άθλιον;
654 1630 718 1696 πῶς
745 1621 786 1701 μὴ
809 1620 899 1684 πλέον
927 1620 981 1702 μὲν
1003 1632 1062 1684 τῶν
1085 1623 1132 1684 δε-

117 1719 290 1801 διωγμένων
317 1719 387 1793 τοὺς
414 1720 680 1808 προσδραμόντος,Ι
704 1720 793 1782 πλέον
822 1719 854 1784 δὲ
881 1731 940 1784 τῶν
967 1720 1131 1803 αὐτομολη-
1147 1742 1171 1784 τι

115 1819 233 1882 σάντων
254 1818 297 1894 εἰς
315 1817 370 1898 τὴν
388 1820 496 1880 κακίαν
518 1819 665 1901 θρηνήσω
684 1819 734 1882 τόν
753 1820 997 1903 συναρπάσαντας
1021 1825 1132 1900 μᾶλλον
1146 1833 1186 1874 709
1200 1832 1231 1873 ¹1·

115 1916 149 1980 δὲ
175 1923 236 1991 τοῖς
263 1914 318 1996 μὲν
345 1915 435 1980 οὐδὲν
463 1916 563 1980 δεινὸν
589 1918 622 1981 τδ
650 1915 724 2000 ὑπὲρ
748 1923 879 2000 Χριστοῦ
906 1925 1033 1996 παθεῖν,
1059 1917 1133 1980 ἀλλά

114 2000 169 2077 καῖ
192 2016 312 2078 πάντων
340 2016 589 2097 μακαριστότατον
618 2015 676 2077 οὐκ
702 2016 819 2078 ἐκεῖθεν
845 2017 953 2096 μόνον,
983 2015 1056 2077 ἀλλδι
1082 2016 1132 2078 καὶ

114 2113 165 2176 διά
189 2115 243 2193 τὴν
261 2113 402 2176 ἐντεῦθεν
425 2112 563 2187 εὐδοξίαν
586 2113 636 2174 καὶ
654 2115 832 2196 παρρησίαν,
856 2111 895 2193 ἣν
918 2113 968 2176 διά
990 2124 1050 2176 τῶν
1067 2138 1131 2177 κιν-

114 2213 216 2292 δύνων
239 2210 355 2297 ἑαυτοῖς
377 2211 563 2293 ἐχαρίσαντο,
589 2218 651 2286 τοῖς
677 2210 709 2274 δὲ
732 2214 889 2292 προοίμιον
912 2222 971 2274 τῶν
993 2211 1131 2276 ἀπειλου-
1145 2235 1172 2276 εο

114 2310 227 2392 με’νων,
255 2311 329 2393 άπερ
356 2308 417 2390 ἤδη
439 2309 636 2372 πεπόνθασιν.
682 2310 732 2374 καὶ
754 2309 868 2391 βέλτιον
896 2302 935 2391 ἦν
962 2309 1079 2392 αὐτοῖς,
1105 2312 1133 2374 εί

114 2411 247 2473 ἐνταῦθα
270 2407 449 2490 μακρότερον
472 2408 690 2490 ἐκολάσθησαν,
712 2408 732 2490 ἢ
751 2416 812 2483 τοῖς
832 2409 896 2472 ἐκεῖ
913 2411 1131 2493 δικαιωτηρίοις

114 2509 342 2588 ἕταμιεόθησαν.
379 2506 507 2590 καὶγὰρ
531 2507 627 2589 ὥσπερ
650 2508 703 2570 τδν
725 2507 918 2589 χαμαιλέοντα
941 2510 1028 2591 λόγος
1055 2532 1130 2572 παν-

114 2614 196 2668 τοῖον
219 2610 356 2689 γίνεσθαι
379 2607 489 2691 ῥηιδίως
516 2604 567 2667 καὶ
588 2606 686 2679 πάσας
709 2607 897 2686 μεταβάλλειν
925 2607 1026 2689 γροιάς
1052 2608 1130 2688 πλην

114 2701 184 2785 μιᾶς
206 2715 259 2785 της
281 2705 469 2786 λευκότητος,
496 2704 573 2766 οὕτω
601 2702 737 2780 κάκεῖνος
760 2705 856 2766 πάντα
879 2697 918 2785 ἦν
945 2705 994 2766 καλ
1019 2706 1129 2787 ἐγίνετο
1144 2729 1170 2769 ιι

113 2809 291 2885 χριστιανοῖς
309 2803 388 2882 πλὴν
406 2799 594 2884 ἡμερότητος,
616 2801 667 2864 καὶ
686 2794 724 2882 ἦν
742 2805 809 2865 λίαν
827 2802 1036 2887 ἀπάνθρωπον
1054 2803 1130 2889 αὐτᾷ

186 2999 202 3048 ό
220 2993 272 3063 Ep.
291 2993 383 3047 Judao
400 3011 424 3048 υ.
446 2999 487 3046 11.
511 3025 545 3033 -
566 2999 580 3045 7
606 2995 642 3048 ib.
663 3010 686 3048 ο.
703 2999 744 3049 16.
769 3026 804 3034 -
829 2999 942 3048 14-23
962 2993 1044 3064 (διευς.
1058 2993 1127 3048 Νυτ.

114 3066 158 3121 Or.
174 3073 204 3133 4,
224 3067 273 3119 etr.
293 3065 437 3119 Julianum
458 3071 481 3130 1,
500 3081 541 3134 cp.
562 3070 593 3118 51
618 3065 715 3136 Migne
734 3065 811 3120 Tom.
828 3071 871 3134 35,
891 3071 942 3121 576
954 3066 985 3119 A.
1005 3098 1039 3106 —
1059 3071 1128 3120 23-

110 3155 139 3208 μ.
154 3143 246 3204 800‚2
266 3138 301 3192 ι’ό,
316 3154 356 3207 ομ.
373 3142 406 3190 62
425 3135 522 3206 Migne
541 3136 635 3191 565A.

185 3313 199 3361 ’ί
214 3307 264 3362 καὶ
277 3324 327 3363 om.
344 3305 492 3361 cLNJud.
507 3337 541 3348 -
557 3312 591 3361 10
605 3306 640 3362 τά
654 3325 705 3364 om.
719 3307 774 3362 CM
792 3306 864 3362 κατά
878 3324 929 3364 om.
940 3308 972 3362 R.
988 3339 1023 3348 —
1039 3313 1071 3362 12
1087 3308 1100 3362 ἐ
1117 3339 1128 3348 -

114 3378 376 3521 πέῖίῖιῖδηῖι
390 3376 678 3520 ῖμῖλῖῖῖῗῖόῖας
696 3379 812 3508 ἀῖῖῖά·
826 3377 1127 3508 ἀλοῖῖῖίόίέῖῖῖθῃ·

113 3528 147 3577 20
171 3521 289 3648 ἑοὸνγρνγρς
306 3521 364 3576 CR.
385 3554 417 3562 —
443 3527 476 3576 23
499 3517 643 3579 παντοίων
667 3523 747 3578 codd.
766 3530 878 3594 praeter
900 3522 933 3576 D.
954 3553 988 3563 -
1012 3527 1045 3576 25
1070 3522 1127 3592 ἐγί·

112 3613 174 3651 νετο
278 3636 283 3646 .

166 3693 308 3745 Georgius
322 3695 481 3736 Monachus
496 3695 530 3736 εδ,
546 3695 574 3735 δε
587 3695 654 3736 Βοοτ.
677 3697 709 3736 Π.
932 3689 964 3739 51
