2617 3909
467 297 469 301 ·
532 270 722 323 XPONIKON
1063 265 1129 333 515

118 419 215 499 κρίσις
235 416 383 498 ἀπότομος
401 417 434 480 έν
451 423 513 491 τοῖς
531 415 705 499 ὑπερέχουσι
722 419 840 499 γίνεται.
877 417 894 480 ό
912 417 967 500 γάρ
985 416 1132 497 ἐλάχιστος

117 516 305 598 σύγγνωστύς
327 515 405 578 έστιν
427 513 536 595 ἐλέους,
559 514 683 576 δυνατοί
705 513 737 576 δέ
758 517 891 588 δυνατῶς
909 515 1130 594 έτασθήσονται.

117 614 169 677 καί
197 611 213 674 ὅ
236 614 339 694 κύριός
366 629 472 693 φησιν·
503 601 526 698 ᾧ
551 610 605 692 μίν
626 612 683 694 γὰρ
711 611 811 695 ύλίγον
834 613 1009 693 δοθήσεται,
1032 610 1132 694 ὀλίγον

117 711 168 773 καί
195 710 391 791 ἀπαιτήσουσι
418 707 488 792 παρ’
510 710 618 791 αύτοῦ,
645 698 669 794 ᾧ
694 709 726 772 δὲ
753 711 830 774 πολύ
853 711 1029 790 δοθήσεται,
1055 710 1132 772 πολὺ

117 809 169 871 καλ
192 809 388 888 ἀπαιτήσουσι
410 803 480 891 παρ’
502 807 602 870 αὐτοῦ.
804 820 807 825 ’
1159 832 1172 870 ο

154 949 156 954 -
185 907 246 969 Καί
274 905 372 987 μέντοι
398 906 449 969 καλ
476 903 492 967 δ
521 904 609 988 μέγας
629 901 778 986 Ἰσίδωρος
800 906 874 985 ἔφη·
905 905 965 988 χρή
982 906 1052 980 τούς
1074 915 1135 968 τῶν

110 1006 299 1088 ,πραγμάτων
320 1005 421 1085 κριτδις
440 1002 598 1078 ὀξυτάτους
615 997 693 1065 εἶναι
710 1003 761 1064 καλ
778 1002 1041 1085 περιεσκεμμένους
1057 1001 1134 1086 άγαν

117 1102 185 1187 περί
217 1102 250 1163 τὸ
280 1107 362 1164 νοεῖν
389 1100 439 1162 καί
466 1099 637 1181 ἀνακρίνειν
664 1100 714 1162 καί
741 1102 903 1183 διακρίνειν
930 1100 1058 1176 ἀπαθῶς
1083 1101 1134 1163 καί

117 1200 412 1281 ἀπροσωπολήπτως,
440 1208 492 1261 τοῦ
519 1198 575 1280 γδιρ
602 1198 710 1280 κυρίου
736 1195 756 1276 ή
785 1199 893 1281 κρίσις,
924 1198 974 1259 ἴνα
1003 1198 1052 1259 καί
1078 1197 1134 1277 τήν

117 1310 179 1362 τῶν
202 1298 345 1380 λεγόντων
368 1297 521 1376 δεινότητα
542 1294 593 1356 καί
611 1294 666 1374 τήν
683 1305 743 1356 τῶν
761 1293 926 1376 λεγομένοιν
946 1296 1134 1375 πιθανότητα
1148 1320 1174 1359 ιο

117 1395 259 1478 παρέντες
286 1397 328 1468 εἰς
355 1395 427 1457 αύιὸ
450 1394 483 1456 τὸ
506 1394 603 1474 βάθος
625 1401 685 1454 τῶν
707 1393 865 1472 νοημάτων
887 1402 1017 1474 χωρῆσαι
1040 1394 1133 1473 δυυη
1147 1417 1187 1459 m
1201 1415 1233 1460 ι

118 1502 204 1558 θεῖεν
225 1493 366 1556 κάκεῦθεν
389 1491 460 1572 μετὰ
482 1496 593 1571 πολλῆς
610 1491 764 1565 ἐξετάσεως
784 1489 835 1551 καί
857 1491 998 1572 περιόδου
1020 1490 1070 1552 καί
1093 1492 1134 1572 μή

118 1599 232 1654 θᾶττον
254 1590 327 1652 κατὰ
349 1589 555 1672 συναρπαγήν,
577 1587 650 1650 ἀλλὰ
673 1586 744 1667 μετὰ
766 1589 902 1668 πλείστης
925 1589 1149 1671 μακροθυμίας·

118 1690 169 1752 καί
203 1688 387 1763 ἀνεξικακίας
419 1688 619 1770 θηρεύσαντες
655 1685 861 1765 ἀνιμήσασθαι
892 1685 950 1764 τήν
980 1684 1134 1765 ἀλήθειαν.

119 1789 151 1850 ot
172 1785 227 1868 μὲν
249 1785 305 1869 γὰρ
328 1797 387 1848 τῶν
409 1786 580 1868 ἀνθρώπων
601 1783 651 1846 διδι
674 1785 843 1866 βραδυτῆτα
865 1793 922 1846 νοῦ
940 1792 993 1846 τοῦ
1015 1783 1133 1847 δικαίου
1148 1807 1174 1850 15

119 1889 217 1958 καλῶς
239 1883 296 1946 ούκ
317 1884 520 1964 ἐφικνοῦνται,
544 1885 576 1945 οί
594 1880 627 1945 δὲ
651 1877 691 1944 δι’
713 1880 839 1961 ὀξύτητα
862 1880 916 1961 μὲν
933 1882 1135 1962 ἐφικνοῦνται,

120 1983 171 2045 διδι
199 1979 231 2043 δέ
259 1983 493 2064 φιλοχρηματίαν
520 1980 720 2060 καπηλεύουσι
745 1985 841 2063 χρυσῷ
865 1980 1059 2060 προπίνοντες
1080 1978 1136 2058 τήν

120 2091 231 2161 ψῆφον
253 2078 303 2141 καί
326 2080 377 2142 τὸν
399 2089 452 2159 τῆς
475 2077 669 2157 δικαιοσύνης
691 2078 781 2158 ζυγὸν
801 2076 930 2158 λήμματι
952 2077 1136 2157 παρασαλεύ-

120 2201 214 2251 οντες.
257 2176 314 2240 είσί
336 2176 368 2240 δέ
395 2176 486 2259 ἕτεροι
509 2177 541 2238 οί
565 2174 614 2237 καί
642 2175 727 2237 αἰδοῖ
744 2173 794 2235 καί
817 2175 954 2257 κολακείᾳ
976 2172 1025 2234 καί
1048 2172 1135 2260 φόβῳ

119 2275 172 2338 καί
204 2277 288 2359 φιλίᾳ
320 2273 340 2355 ή
372 2275 465 2359 έχθρμ
496 2274 723 2352 διαφθείροντες
749 2281 844 2333 τοῦτο.
894 2272 944 2332 διά
971 2293 1017 2332 τοι
1043 2281 1135 2333 ταῦτα
1148 2295 1176 2336 ευ

120 2375 176 2457 χρή
204 2373 256 2435 τὸν
283 2373 388 2454 κριτήν
415 2372 465 2434 καί
492 2371 615 2433 συνετὸν
640 2364 717 2431 εἶναι
738 2369 789 2431 καλ
811 2367 972 2432 ἀδέκαστον
994 2368 1044 2430 καί
1066 2392 1136 2450 χρη-

122 2473 222 2551 μάτων
245 2470 295 2532 καλ
318 2470 422 2544 αίδοῦς
444 2469 494 2531 καλ
516 2469 670 2541 κολακείας
697 2467 747 2528 καί
769 2467 869 2549 φόβου
891 2467 941 2529 καὶ
964 2470 1065 2547 φιλίας
1087 2466 1137 2528 καί

195 2659 295 2714 ³Lue.
314 2665 360 2727 12,
375 2665 417 2714 48.
442 2690 475 2699 —
502 2664 599 2712 6-14
617 2657 714 2712 Isidor.
734 2656 825 2712 Pelus.
845 2656 916 2782 Fffp.
936 2657 1017 2726 111‚9
1040 2657 1136 2728 Migne

122 2732 200 2786 Tom.
217 2737 260 2799 ιε,
275 2736 335 2785 τοο.
355 2763 388 2771 -
409 2735 513 2800 ιι-μ.
529 2735 621 2796 οιο,ο
640 2728 705 2783 Isid.
720 2727 767 2796 111,
782 2734 833 2783 ιιι
883 2728 950 2799 igne
968 2734 1028 2783 εει.
1102 2731 1105 2736 ·

194 2916 210 2961 3
230 2909 284 2980 γδιρ
302 2925 352 2964 om.
368 2907 430 2963 MV.
445 2939 480 2948 —
498 2913 515 2960 4
533 2909 622 2962 πολύν
641 2909 691 2962 καλ
706 2906 794 2961 OEN.
810 2939 843 2947 —-
863 2912 879 2961 8
898 2907 974 2978 περί]
993 2905 1039 2960 έπλ
1052 2903 1086 2958 N.
1102 2937 1136 2946 -

125 2989 141 3034 9
160 2988 243 3052 τοῦτο
261 2979 315 3051 γὰρ
334 2979 351 3049 ή
370 2975 460 3048 κρίσις
477 2979 500 3032 Β
523 2987 573 3032 τοῦ
592 2978 645 3048 γὰρ
664 2975 754 3046 κρίσις
771 2978 804 3032 R.
826 3010 861 3018 -
885 2983 918 3031 10
937 2977 986 3031 καλ
1007 2976 1059 3045 τήν
1081 2985 1137 3032 τῶν

123 3051 277 3124 λεγομένων
299 3048 478 3118 πιθανότητα
501 3049 589 3105 οτιΒ
612 3057 637 3104 ολ
654 3066 725 3104 rece.
741 3047 866 3118 quidam.
886 3079 920 3089 -
943 3047 995 3117 τήν
1013 3064 1064 3103 om.
1080 3046 1136 3102 ΑΡ.

124 3154 158 3163 -—
181 3121 374 3191 πειθανότητα
396 3120 506 3176 ACDF.
535 3153 569 3161 —
600 3126 632 3175 13
655 3121 728 3175 κατὰ
746 3119 823 3174 BPR
849 3121 898 3174 καλ
920 3119 992 3173 κατὰ
1013 3118 1072 3172 rell.
1101 3151 1137 3160 —

11 3188 18 3200 ’
126 3201 158 3248 16
177 3193 337 3266 βραδύτητα
355 3192 466 3246 EFMR
487 3194 647 3317 μραχυτητα
665 3191 701 3246 Ι).
718 3224 751 3232 -
771 3197 804 3245 16
824 3189 852 3245 οί
869 3191 944 3244 δδ-
955 3190 1136 3260 ἐφικνοῦνται

124 3282 174 3320 om.
189 3263 272 3319 AOR.
294 3296 327 3305 -
347 3269 380 3318 19
399 3264 430 3319 δέ
448 3283 485 3317 κα
515 3261 604 3331 ἕτεροι
622 3263 709 3318 ABF.

128 3471 130 3476 -
197 3441 211 3487 l
226 3433 383 3504 ὑπάρχουσι
397 3432 428 3486 Ρ.
445 3463 477 3472 -
495 3438 511 3484 2
527 3429 732 3498 έτασθήσονται
745 3430 794 3485 καλ
808 3439 866 3492 τοῖς
879 3439 1023 3499 κραταιοῑς
1037 3427 1137 3499 ίσχυρά

126 3503 271 3574 ἐφίσταται
290 3505 397 3573 ἔρευνα.
426 3503 475 3558 καλ
490 3501 583 3573 μέντοι
602 3521 634 3573 γε
651 3502 699 3556 καλ
715 3501 731 3556 δ
745 3500 842 3569 κύριός
855 3517 942 3571 φησιν
955 3499 985 3555 P.
1000 3531 1034 3540 -
1055 3505 1088 3553 19
1105 3498 1137 3554 δὲ
1159 3516 1161 3519 ·

126 3574 214 3645 ἕτεροι
236 3575 328 3631 οοι.Ρ
356 3573 456 3646 (έτεροι
478 3591 529 3629 om.
548 3575 630 3629 etiam
652 3572 707 3641 Ια.).
736 3603 769 3613 -
798 3577 839 3627 20.
855 3577 889 3626 21
912 3571 965 3643 χρή
987 3577 1137 3640 τοιγαρῶν

125 3647 175 3702 τὸν
193 3647 289 3717 κριτήν
307 3646 373 3700 ΡΙε.
607 3666 610 3674 ·
