2617 3909
200 204 264 287 5'68
514 221 700 272 Γεαευιου
717 220 900 272 Memor

198 376 274 445 λειος
300 369 350 431 καί
373 368 508 450 ἀκέραιος
535 378 569 453 τῇ
594 374 705 451 παλαιᾷ
732 377 785 447 τής
806 377 866 429 τῶν
883 362 1034 445 Ῥωμαίων
1062 368 1213 447 βασιλείας

197 469 341 553 αόθεντίμ
376 469 431 548 τήν
469 468 617 529 πολιτείαν
652 464 798 549 ἐκυβέρνα
834 471 937 539 καλῶς.
988 466 1118 527 σύνοδον
1155 464 1213 546 γὰρ

95 583 135 623 ιεο
149 582 179 623 Μ.
194 568 226 629 ἐν
256 574 295 651 τῷ
321 562 468 649 Ἰλλυρικῷ
496 563 625 627 ἐιιέλευσε
657 563 810 646 γενέσθαι,
851 564 917 642 ήτις
949 562 1003 641 τήν
1036 563 1068 625 ἐν
1096 565 1212 647 Νικαίρι

194 667 293 727 πίστιν
332 665 514 745 ἐβεβαίωσεν.
570 664 683 724 ἴδικτον
724 660 756 723 δὲ
794 662 914 744 γράψας
953 667 1014 735 τοῖς
1055 661 1088 723 ἐν
1127 658 1211 746 Ἀσίμ

168 763 244 827 ικαὶ
278 764 395 846 Φρυγίᾳ
426 760 475 823 καί
507 762 606 845 Καρία
639 760 810 833 ἐπισκόποις
845 758 980 839 ἐμμένειν
1013 766 1075 832 τοῖς
1109 761 1212 834 δόξασι

194 862 412 941 παρεγγόησεν,
443 858 590 921 κοινωνὸν
621 858 654 919 ἐν
685 865 725 942 τῷ
755 858 855 943 ι’δίκτφ
887 858 1127 939 προσλαβόμενος
1159 859 1211 921 τὸν

194 958 326 1036 ἀδελφὸν
352 957 445 1019 αὐτοῦ
479 956 630 1019 Οὐάλεντα
661 956 711 1017 καί
738 957 903 1040 Γραιιανδν
930 956 982 1019 τὸν
1009 956 1076 1017 υίὸν
1108 956 1211 1018 αὐτοῦ.

194 1056 329 1138 ἔγραψαν
358 1054 389 1118 δέ
417 1054 452 1116 τά
480 1056 568 1134 όμοια
594 1053 644 1115 καὶ
672 1055 704 1115 οί
733 1054 766 1115 ἐν
788 1061 828 1139 τῷ
845 1048 993 1137 Ἰλλυρικῷ
1015 1055 1212 1127 συνελθόντες

195 1154 357 1216 ἐπίσκοποι.

156 1276 181 1315 ιο
259 1248 480 1325 Ἀποθανόντος
507 1251 539 1313 ἐν
565 1250 747 1336 Μεδιολάνῳ
773 1250 937 1325 Αόξεντίου
964 1261 1017 1312 τοῦ
1044 1260 1104 1312 τῶν
1131 1252 1211 1332 αἱρε-

194 1361 283 1413 τικῶν
311 1350 474 1413 ἐπισκόπου
506 1351 539 1411 οἱ
562 1347 700 1430 ἑκατέρου
728 1346 835 1431 μέρους
863 1347 943 1429 όχλοι
973 1347 1033 1411 δπδ
1060 1348 1211 1431 διαφόρου
1303 1365 1304 1414 ἱ

194 1449 329 1529 σπουδῆς
351 1446 507 1529 ἐφέροντο,
536 1446 585 1508 καλ
610 1439 649 1525 ήν
672 1469 716 1519 τις
738 1446 841 1519 αὐτοῖς
864 1448 982 1528 μεγίστη
1006 1446 1139 1526 διχόνοια
1162 1447 1211 1508 καὶ

194 1546 384 1619 ἐπικίνδυνος
416 1545 529 1623 στάσις,
562 1544 612 1605 καὶ
642 1544 778 1626 ἑκάτερον
810 1543 897 1625 με’ρος
931 1543 1054 1625 ὄλεθρον
1086 1555 1122 1630 τῇ
1150 1546 1211 1629 ίδίμ

195 1644 389 1726 παρεσκεύαζε
412 1643 504 1722 πόλει,
527 1643 556 1703 εί
577 1643 618 1721 μή
637 1665 669 1722 γε
692 1640 711 1722 ή
735 1642 827 1703 αὐτοῦ
850 1642 1001 1723 κρατήσειε
1024 1644 1139 1724 γνώμη,
1162 1643 1212 1705 ιιαλ

156 1763 181 1803 ιε
195 1741 237 1813 εἰς
259 1741 345 1823 ἔργον
368 1739 473 1820 ἀγάγοι
495 1741 527 1803 τὸ
551 1739 702 1820 βούλημα,
730 1741 826 1802 καίτοι
851 1740 994 1803 ἐναντίων
1016 1750 1076 1801 τῶν
1098 1740 1211 1822 προθέ-
1304 1743 1305 1754 ’

196 1856 271 1900 σεων
293 1839 395 1911 αὐτοῖς
418 1837 524 1899 οὐσῶν.
569 1838 631 1900 τότε
656 1836 688 1899 δέ
711 1848 763 1917 τῆς
785 1838 924 1919 ἐπαρχίας
946 1838 1063 1917 ἐκείνης
1085 1834 1211 1920 Ἀμβρό-

195 1936 258 2009 σιός
280 1960 324 2010 τις
346 1936 400 2016 τήν
423 1934 517 2016 ἀρχὴν
540 1936 678 2015 διήνυεν,
705 1932 739 2009 ὃς
760 1946 939 2017 παραχρῆμα
964 1937 1007 2010 είς
1029 1936 1084 2016 τήν
1107 1937 1211 2016 ἐκκλη-

195 2038 262 2097 σίαν
289 2036 428 2115 εἰσῆλθεν
457 2032 496 2107 ὡς
524 2034 665 2096 κωλύσων
692 2034 748 2113 τήν
776 2035 886 2095 στάσιν.
928 2034 944 2097 δ
973 2034 1005 2096 δὲ
1033 2036 1129 2114 δήμος
1158 2046 1211 2116 τῆς

195 2134 268 2215 πρὸς
296 2132 440 2212 ἀλλήλους
467 2131 614 2212 ἀφέμενος
640 2132 737 2213 ἔριδος
765 2139 818 2216 μιᾷ
845 2141 933 2218 φωνή
961 2133 1013 2195 τὸν
1033 2127 1210 2216 Ἀμβρόσιον

155 2253 182 2293 ιο
195 2232 356 2294 ἐπίσκοπον
379 2231 559 2311 ἐπεζήτησαν
582 2230 803 2310 κατηχούμενον
823 2228 906 2310 ὄντα,
929 2231 1061 2311 μεγάλως
1079 2229 1211 2312 λέγοντες

195 2328 406 2407 ἐνωθήσεσθαι
433 2328 482 2390 καλ
510 2330 581 2408 μίαν
608 2326 787 2410 ἀμφοτέροις
813 2333 875 2400 τοῖς
905 2327 1004 2409 μέρεσι
1030 2329 1085 2409 τήν
1112 2331 1211 2390 πίστιν

195 2426 326 2505 ἐσεσθαι,
347 2427 375 2487 εἰ
388 2422 562 2508 Ἀμβρόσιος
580 2426 739 2500 ἐπίσκοπος
757 2424 858 2499 αὐτοῖς
877 2427 991 2505 δοθείη.
1029 2426 1100 2507 ὅπερ
1119 2427 1210 2508 γνοὺς

196 2522 212 2585 δ
233 2523 377 2604 θεοσεβὴς
403 2524 646 2596 Οὐαλεντινιανὸς
673 2522 803 2585 ἐκέλευσε
826 2529 983 2603 μυηθῆναι
1005 2523 1056 2585 καὶ
1084 2547 1211 2607 χειροτο-

195 2628 329 2699 νηθῆναι
353 2615 530 2701 Ἀμβρόσιον
557 2620 650 2683 πολλὰ
677 2620 743 2703 περὶ
770 2620 876 2701 ἀρετήν
904 2622 1092 2704 μαρτυρήσας
1124 2622 1210 2706 αὐτῷ.

268 2806 337 2853 2-9
351 2800 401 2853 Th.
417 2800 446 2853 L.
461 2803 495 2868 cs.
511 2800 607 2869 Polyd.
620 2819 647 2869 μ.
664 2808 724 2868 4121
741 2807 764 2855 7.
780 2834 813 2841 -
834 2807 937 2854 10-22
956 2801 1047 2855 Rufin.
1065 2801 1098 2870 Π,
1115 2808 1155 2855 11.
1177 2834 1210 2841 —

195 2878 300 2941 22-γι
316 2878 381 2939 559,
397 2871 480 2925 eTh.
497 2871 526 2925 L
545 2873 580 2938 cf.
599 2872 665 2926 Exn.
685 2873 747 2926 Bar.
767 2872 865 2941 Polyd
882 2890 910 2941 p.
926 2874 1033 2940 41οβκ.

268 3040 281 3086 1
302 3028 432 3123 ρωμαίων
451 3029 618 3095 αυθεντειας
636 3029 703 3085 Β
686 3031 815 3102 ρωμαίων
834 3029 987 3087 αὐθεντεία
1005 3033 1070 3087 Ειτο.
1090 3033 1126 3086 de
1144 3032 1210 3086 virt.

196 3105 255 3172 (om.
274 3102 416 3227 βασιλείας
438 3107 624 3195 κλογςυελ-
648 3110 664 3155 4
688 3103 814 3158 ίνδικτον
835 3103 954 3157 BR-
978 3108 994 3155 6
1019 3123 1124 3174 παρεγγ
1125 3104 1143 3157 ό
1144 3121 1211 3172 ησεν

195 3174 269 3228 AOE
307 3176 331 3228 R
357 3176 553 3245 παρηγγύησεν
576 3174 718 3230 ΒΝ-
742 3172 856 3247 ἐνδίιιτφ
878 3174 997 3229 BR·
1022 3182 1039 3229 8
1063 3125 1107 3230 οίγ
1108 3175 1212 3230 ABRN

195 3245 253 3300 Pol
273 3263 323 3300 om.
339 3245 413 3300 GRV
437 3247 494 3316 (καὶ
513 3247 544 3301 ἐν
562 3250 600 3319 τῷ
615 3246 751 3316 ίλλνρικῷ.
785 3229 970 3308 συνελθόντες
990 3243 1042 3300 οὖν
1061 3244 1210 3301 ἐπίσκοποι

196 3314 396 3379 ἀποθανόντος
409 3317 500 3385 R).-
522 3322 555 3371 10
570 3299 814 3379 ἀποθανόντος
783 3318 883 3387 γαρ
853 3317 1027 3372 ἐνΒάποθ
1043 3318 1074 3372 δὲ
1089 3318 1163 3372 RF.
1177 3350 1213 3357 -

198 3393 229 3440 11
250 3386 339 3441 οίτοῦ
359 3387 467 3457 ἑκατμ
469 3388 536 3441 ,ΑΒ
560 3396 609 3442 του
628 3404 679 3441 om.
691 3386 806 3440 rell.-
826 3394 860 3441 14
879 3387 1025 3455 κρατήσοιε
1045 3388 1156 3443 ODEV.
1174 3420 1210 3428 —

197 3464 231 3511 20
251 3455 418 3526 ἐπεζήτησαν
434 3408 655 3513 ἐπισκοπονλλέ
655 3456 797 3512 πίσκοπον
811 3476 862 3513 om.
876 3459 984 3512 AR—
999 3465 1033 3515 21
1047 3469 1106 3522 τοῖς
1119 3477 1171 3515 om.
1186 3461 1212 3512 A

196 3527 362 3596 τοιςμρεσι
376 3546 426 3582 om
442 3529 520 3582 Ε.-
540 3534 574 3583 23
589 3529 682 3583 καλε
670 3534 838 3599 ειροτονηθή
840 3548 951 3586 ναιυυι.
967 3530 1082 3584 ΒΜ.-
1098 3538 1132 3585 24
1146 3532 1212 3598 ἀρε

196 3599 247 3668 τήν
266 3598 449 3653 ACNRExc.
474 3602 573 3667 ἀρετῆς
592 3599 643 3651 ΒΕ
706 3600 764 3654 Pol.
