2617 3909
189 219 256 281 464
503 220 689 271 ΓΕΩΡΓΙΟΤ
707 220 890 273 MONAXOT

190 376 370 448 νεικοῦντες,
401 374 510 448 μᾶλλον
538 366 570 431 δὲ
597 374 854 451 τερατολογοῦντες
881 367 931 430 καὶ
958 370 1210 448 βλασφημοῦντες
1290 449 1291 452 ¹

189 466 222 528 ἐκ
254 471 363 546 πολλῆς
394 466 541 548 ἀγνωσίας
572 466 622 528 καὶ
650 466 828 547 αὐθαδείας,
858 465 933 546 μηδὲ
961 476 1013 546 τῆς
1041 468 1121 549 ίερᾶς
1145 477 1209 529 τῶν
1290 457 1291 480 ³

189 564 360 628 ἀποστόλων
388 565 576 638 διδασκαλίας
603 564 653 625 καί
681 567 876 646 παραγγελίας
903 563 1061 639 άκοόοντες
1083 576 1137 645 τῆς
1160 572 1207 627 λε-

188 664 311 745 γοόσης·
345 661 400 723 οῦκ
428 660 618 744 ἐπιτρέπομεν
646 664 749 725 λαϊκδν
776 667 872 724 ποιεῖν
899 686 927 724 τι
953 672 1012 724 τῶν
1040 664 1207 745 ίερατικῶν,

162 755 255 823 τοίον
282 760 395 821 θυσίαν
422 758 443 839 ἢ
470 759 662 841 βάπτισμαῆ
685 763 870 842 χειροθεσίαν
892 760 913 841 ἢ
935 762 1072 843 εὐλογίαν
1096 761 1208 843 μινρδιν
1290 773 1291 780 ’

189 856 209 939 ἢ
238 859 374 939 μεγάλην.
420 858 474 938 οὐχ
501 857 594 943 ἕαντῷ
618 859 675 940 γάρ
702 882 746 932 τις
768 859 911 939 λαμβάνει
933 859 988 938 τὴν
1010 860 1114 941 τιμήν,
1138 854 1203 922 ἀλλ’

189 956 409 1034 ὁκαλούμενος
436 954 495 1016 ὑπὸ
523 966 575 1017 τοῦ
598 962 682 1019 θεοῦ.
729 956 778 1018 διὰ
805 957 861 1040 γάρ
884 967 937 1038 τῆς
960 956 1121 1031 ἐπιθέσεως
1145 968 1206 1019 τῶν

188 1062 292 1136 χειρῶν
319 1064 371 1115 τοῦ
399 1052 561 1115 ἐπισκόπου
590 1056 704 1117 δίδοται
731 1052 751 1134 ἡ
779 1056 900 1135 τοιαύτη
929 1056 1009 1129 δόξα.
1055 1054 1071 1117 δ
1101 1054 1133 1117 δὲ
1163 1056 1206 1135 μὴ

188 1150 378 1234 ἐγχειρισθεὶς
404 1152 530 1233 ταύτην,
558 1147 620 1215 ἀλλ’
646 1152 780 1237 ἁρπάσας
811 1153 862 1214 καὶ
888 1155 1076 1236 τυραννήσας
1107 1154 1206 1233 αὐτὴν

148 1270 175 1310 10
189 1249 290 1334 ἐαυτῷ,
312 1248 368 1329 την
390 1249 536 1333 ἁμαρτίαν
558 1250 608 1313 καί
631 1251 686 1330 την
707 1253 849 1332 τιμωρίαν
866 1262 920 1313 τοῦ
938 1252 1041 1314 Σαοὺλ
1058 1252 1109 1314 καί
1125 1249 1206 1327 Ὀζία

187 1346 389 1426 ῦποστήσεται.
436 1348 473 1410 οῦ
502 1349 561 1428 μὴν
590 1346 621 1409 δὲ
649 1343 712 1411 ἀλλ’
733 1347 803 1411 οῦδὲ
830 1355 892 1422 τοῖς
916 1355 1030 1423 λοιποῖς
1052 1354 1205 1431 κληριιιοῖς

188 1444 378 1528 ἐπιτρέπομεν
402 1448 550 1526 βαπτίζειν
574 1440 639 1508 οίον
658 1446 808 1520 διακόνοις
826 1445 846 1527 ἢ
865 1446 1067 1528 άναγνώσταις
1085 1445 1106 1527 ἢ
1124 1450 1205 1526 ψάλ-

188 1568 251 1617 ταις
278 1542 298 1623 ἢ
326 1542 499 1624 ὑπηρέταις,
532 1542 552 1623 ἢ
580 1544 683 1622 μόνοις
710 1544 880 1619 ἐπισκόποις
907 1545 958 1606 καὶ
985 1545 1206 1629 πρεσβυτέροις,
1290 1535 1291 1580 λ

188 1640 466 1722 ἐξυπηρετουμίνοιν
498 1641 598 1714 αότοῖς
629 1650 688 1701 τῶν
718 1643 874 1706 διακόνων.
925 1644 957 1705 οί
981 1641 1013 1705 δέ
1041 1649 1205 1723 τολμῶντες

149 1758 175 1817 τι
189 1746 275 1799 τοῦτο
298 1748 357 1799 τῶν
380 1742 517 1821 Κοριτῶν
540 1738 697 1800 ὑποίσουσι
719 1740 774 1819 τὴν
798 1741 893 1819 δίκην.
939 1740 988 1801 καὶ
1011 1740 1111 1821 μίντοι
1132 1740 1204 1803 οῦδὲ

188 1834 394 1918 πρεσβυτέροις
425 1841 600 1917 χειροτονεῖν
631 1838 790 1912 διακόνους
817 1836 837 1919 ἢ
865 1840 1054 1913 διακονίσσας
1081 1838 1101 1919 ἢ
1128 1839 1204 1901 άνα-

187 1934 319 2015 γνώστας
342 1932 362 2015 ἢ
386 1934 533 2017 ὑπηρέτας
558 1933 578 2015 ἢ
601 1937 772 2017 πυλωροός,
799 1934 865 1997 ἀλλ’
886 1936 906 2017 ἢ
930 1939 1032 2017 μόνοις
1055 1944 1116 2011 τοῖς
1139 1937 1203 2000 ἐπι-

189 2030 318 2106 σκόποις.
369 2034 444 2112 αῦτη
473 2033 528 2115 γάρ
556 2032 615 2095 ἐστι
642 2034 723 2107 τάξις
749 2033 874 2113 ἔννομος
901 2035 1123 2115 ἐκκλησιαστικὴ
1152 2036 1204 2097 καλ

91 2196 93 2199 ,
187 2132 344 2212 θεάρεστος
367 2129 494 2213 ἁρμονία
517 2130 566 2192 καὶ
589 2132 770 2217 κατάστασις.
810 2133 906 2211 μάτην
928 2125 985 2194 οὖν
1002 2120 1203 2215 ἐρεσχελοῦσιν

148 2227 209 2308 καί)
228 2230 259 2291 τό
278 2253 309 2311 γε
328 2227 526 2313 ἀληθέστερον
544 2231 636 2291 εἰπεῖν
656 2236 857 2310 θεομαχοῦσιν
875 2232 907 2292 οί
922 2230 957 2291 τὰ
970 2241 1024 2310 τῆς
1037 2232 1202 2313 ίερωσῦνης

187 2327 347 2406 χαρίσματα
374 2326 423 2388 καὶ
451 2326 631 2409 ἐνεργήματα
658 2333 812 2407 κοσμικοῖς
839 2351 868 2389 τε
895 2328 944 2389 καὶ
966 2328 1103 2410 γυναιξίν
1126 2328 1203 2391 άπο-

186 2422 323 2501 νέμοντες
355 2424 401 2485 ἐπὶ
434 2435 621 2509 καταστροφῇ
650 2436 709 2487 τῶν
736 2425 907 2488 ἀκουόντων
934 2426 985 2487 καὶ
1012 2426 1203 2507 πενθομένων

186 2528 221 2604 τῇ
246 2523 435 2606 ματαιολογίμ
458 2522 507 2583 καὶ
530 2524 661 2607 φλυαρίᾳ
679 2533 738 2583 τῶν
757 2521 832 2603 μηδὲ
851 2524 868 2586 δ
886 2526 916 2585 τί
931 2522 1002 2585 ποτέ
1019 2524 1097 2587 ἐστιν
1116 2526 1201 2607 ίερια
1290 2513 1291 2538 ³

187 2618 263 2696 σῦυη
291 2617 340 2679 καί
368 2620 499 2703 διαφορά
522 2629 667 2699 κοσμικοῦ
689 2644 717 2681 τε
740 2620 790 2682 καὶ
813 2620 912 2702 ἱερέως
934 2622 1059 2701 πάμπαν
1081 2623 1202 2696 εἰδότες.

257 2822 345 2870 4-19
365 2815 481 2871 Constit‚
497 2816 622 2886 Apostol.
638 2817 684 2886 ΠΙ,
701 2824 746 2884 10;
763 2826 803 2873 11.
879 2836 881 2840 ·

258 3000 274 3047 6
294 2996 327 3049 οό
347 2995 357 3048 ὶ
376 2994 465 3065 ἑαυτῷ
479 2996 527 3049 AB
552 2998 602 3068 οόχ
621 2996 697 3051 αίπῶ
716 2996 746 3051 P.
767 3029 800 3038 —
820 3002 836 3050 8
855 2995 949 3121 δόξαηᾖ
956 2995 1022 3063 ἀξία
1040 2998 1199 3054 ΕΒΟοηελ,

186 3098 221 3106 -
241 3070 274 3118 10
294 3016 370 3131 ἀξίου
388 3065 467 3120 BRV
477 3066 569 3121 Const.
589 3099 622 3108 -
648 3074 681 3122 13
700 3065 761 3122 ἀλλ’
777 3065 795 3135 ἢ
813 3066 909 3137 μόνοις
951 3069 983 3121 R.
1003 3101 1037 3109 —-
1062 3075 1095 3123 15
1114 3090 1198 3141 κορη-

186 3145 241 3192 τῶν
259 3135 308 3189 ΑΕ
331 3146 433 3205 κριτῶν
451 3138 481 3191 Β.
502 3171 536 3179 -
557 3139 605 3193 καὶ
623 3139 719 3209 μέντοι
737 3141 786 3194 καλ
804 3139 871 3195 οῦδὲ
891 3139 1007 3194 GDER.
1028 3173 1060 3180 -
1082 3146 1115 3194 16
1134 3146 1197 3197 δια-

186 3205 318 3271 κόνισσας
336 3207 410 3262 OPV
433 3208 596 3273 διακομίσας
613 3211 659 3264 FL
686 3208 879 3275 διακονίσσαις
896 3212 927 3265 Β.
951 3243 986 3252 -
1011 3218 1044 3265 19
1063 3211 1199 3282 μάτην-

187 3285 221 3333 24
240 3277 345 3343 εἰδότες
363 3297 412 3335 om.
427 3282 459 3336 Β.
478 3314 513 3322 -
532 3288 566 3335 24
585 3281 701 3337 εἰδότων
719 3282 741 3335 F
760 3289 785 3338 et
802 3287 870 3336 καθ
887 3282 920 3336 D.
1029 3328 1032 3331 .

263 3458 293 3512 V.
310 3463 341 3513 11
357 3464 421 3527 post
437 3460 634 3527 δποστήσεται,
652 3476 676 3523 ο.
694 3466 726 3513 19
742 3467 806 3527 γοοδ
822 3459 990 3523 κατάστασις
1007 3467 1033 3524 et
1049 3479 1073 3517 ν.
1088 3466 1123 3514 24
1135 3471 1199 3530 μοεί

188 3526 293 3591 εἰδότες
315 3529 374 3585 alia
396 3532 493 3586 inserit
514 3531 536 3583 P
566 3534 597 3585 ιἰι
619 3532 698 3585 tertio
721 3532 856 3585 volumine
878 3532 990 3587 edenda.
1014 3564 1048 3573 -
1077 3538 1111 3585 20
1129 3536 1198 3588 θεο-

187 3600 335 3673 μαχοῦσιν]
354 3603 547 3672 βλασφημοῦσι
565 3602 595 3656 Ρ.
614 3633 649 3641 -
669 3607 702 3654 23
721 3598 787 3671 μηδ’
804 3599 847 3656 ότι
864 3603 894 3657 P.
