2617 3909
528 222 717 279 ττοαικοα
1063 221 1129 286 669

110 365 127 428 ό
156 367 188 430 δὲ
215 369 355 451 Χοσρόης
381 367 433 429 τόν
460 367 515 447 μέν
541 368 654 429 Σάϊτον
682 365 722 441 δις
750 369 802 431 τόν
826 362 999 452 Ἡράκλειον
1027 369 1129 432 ἰδόντα

109 465 161 527 καλ
183 466 226 545 μὴ
249 465 432 547 συλλαβόντα
449 465 607 547 ἀποδεῖραι
628 464 787 546 ἐκέλευσεν,
809 466 879 540 τοὺς
897 465 930 527 δὲ
947 467 1128 550 πρεσβευτάς

109 563 143 625 έν
176 569 324 646 φρουραῖς
355 562 405 624 καλ
437 565 585 645 μεγίσταις
615 565 788 644 κακουχίαις
819 566 1015 626 κατεδίκασεν.
1060 564 1128 647 περὶ

110 654 154 723 ὧν
172 660 291 740 ἀθυμία
308 661 401 741 πολλὴ
425 660 476 722 καί
496 663 604 738 θλίψις
622 667 733 742 κατεῖχε
752 663 803 724 τὸν
821 661 943 742 βασιλέα
961 661 1010 722 καὶ
1029 673 1129 723 πᾶσαν

108 759 165 838 τὴν
191 759 287 820 πόλιν.
338 758 449 840 ἐγένετο
481 757 513 819 δὲ
545 757 595 820 καλ
626 759 711 838 λιμὸς
741 759 859 842 ἰσχυρὸς
886 759 936 821 καλ
963 761 1128 822 θανατικὸν
1156 781 1169 823 ε

108 855 192 938 μέγα,
215 856 266 918 καί
289 855 305 917 δ
329 857 412 936 ἥλιος
434 855 616 938 ἀμαυρώθη,
638 855 689 917 καλ
711 857 807 940 ἔβρεξε
831 857 925 918 κόνιν.

179 954 248 1016 Τότε
277 954 327 1016 καλ
354 956 387 1016 οἱ
404 950 530 1037 ’Ἀβαροι
557 953 632 1034 πρὸς
654 953 706 1016 τὸν
733 953 854 1034 βασιλέα
880 948 979 1033 ἦλθον
1006 955 1129 1037 εἰρήνην

109 1053 281 1133 αἰτούμενοι
306 1055 411 1132 δῆθεν.
457 1050 511 1125 οὓς
534 1052 691 1130 δεξάμενος
714 1051 764 1112 καλ
791 1052 955 1134 πρόκενσον
977 1052 1052 1132 πρὸς
1074 1052 1129 1132 την

107 1145 284 1232 Ἡράκλειαν
307 1151 507 1230 ποιησάμενος
534 1148 603 1222 τοὺς
627 1147 870 1230 ἀποκρισιαρίους
897 1149 1054 1211 ἀνέπαυεν.
1100 1150 1183 1215 οἷστε
1197 1173 1230 1214 Μ.

110 1247 143 1310 δὲ
170 1248 203 1310 τό
231 1247 324 1309 κακὸν
351 1247 383 1310 ἐν
406 1254 469 1321 ταῖς
492 1248 627 1327 καρδίαις
650 1246 763 1326 ἔχοντες
788 1253 849 1320 τοῖς
872 1246 1036 1327 ὁμοφύλοις
1059 1247 1127 1327 έδη-
1143 1272 1169 1311 ιο

110 1352 221 1407 λυσαν·
241 1347 359 1426 τάχιστα
377 1346 526 1424 φθάσατε·
547 1345 615 1406 ἰδοὺ
632 1344 689 1427 γὰρ
708 1341 724 1405 δ
743 1344 880 1424 βασιλεὺς
898 1343 948 1405 καλ
967 1344 983 1407 δ
1002 1349 1128 1418 πλοῦτος

109 1443 203 1504 αὐτοῦ
231 1437 300 1525 παρ’
322 1440 396 1521 ἡμῖν
419 1443 505 1505 ἔστιν.
550 1452 610 1502 τῶν
633 1441 666 1504 δὲ
690 1441 853 1523 ἀγρόπνων
879 1441 1031 1522 δαιμόνων
1054 1437 1125 1522 μηδ’

109 1542 185 1615 ὅλως
208 1539 431 1620 ἀμελησάντων,
459 1540 510 1601 τόν
534 1539 627 1600 τόπον
649 1538 822 1620 κατέλαβον.
867 1541 930 1603 τότε
953 1550 989 1624 τῇ
1011 1563 1127 1622 προμη-

110 1639 180 1722 θείη
203 1648 257 1699 τοῦ
279 1638 499 1718 φιλανθρώπου
527 1643 602 1698 θεοῦ
630 1646 683 1698 τοῦ
709 1638 853 1712 σώζοντος
875 1638 945 1712 τοὺς
967 1638 1068 1712 εόθεῐς
1091 1647 1127 1722 τῇ

110 1737 218 1821 καρδία
246 1737 330 1814 μόλις
356 1736 398 1808 εἰς
424 1736 457 1798 τό
480 1735 644 1808 Βυζάντιον
667 1735 822 1797 διαλαθὼν
845 1735 956 1810 αὐτοὺς
977 1735 1126 1798 ἀποκαθί-
1140 1758 1168 1799 15

109 1851 211 1894 σταται
238 1832 254 1896 ό
281 1833 427 1914 βασιλεύς.
473 1834 505 1894 οί
529 1831 562 1894 δέ
588 1841 695 1894 τοῦτον
723 1833 929 1907 ἐπιδιώξαντες
956 1833 1011 1907 ἕως
1033 1833 1127 1896 τόπου

110 1937 222 1992 πολλοῦ
243 1931 293 1992 καλ
312 1931 353 2010 μὴ
372 1932 545 2009 φθάσαντες
562 1941 662 1992 πᾶσαν
679 1930 735 2009 τὴν
748 1931 919 2012 Ιὑπηρεσίαν
938 1931 1030 1993 αὐτοῦ
1048 1933 1126 2010 εἰλη-

109 2028 197 2106 φότες
215 2028 265 2090 καὶ
283 2028 319 2090 τὰ
340 2031 468 2113 Θρμκβα
486 2026 559 2110 μέρη
579 2028 748 2111 δηώσαντες
770 2025 998 2113 ᾐχμαλώτευσαν
1016 2027 1127 2112 ἀνδρας

108 2149 138 2188 τε
159 2126 209 2187 καλ
227 2131 371 2207 γυναῖκας
389 2126 522 2206 χιλιάδας
540 2121 570 2185 0'
593 2123 643 2185 καλ
662 2123 850 2207 ὑπέστρεψαν
869 2126 911 2198 εἰς
929 2125 999 2198 τοὺς
1017 2125 1127 2199 τόπους

108 2223 216 2284 αὐτῶν.
553 2242 558 2252 ·
1080 2223 1081 2226 “
1140 2245 1168 2285 το

183 2410 252 2465 σ-ἐ
271 2411 306 2478 η.
321 2409 382 2464 Nic.
394 2428 423 2480 p.
441 2415 483 2476 ιτ,
497 2415 528 2478 ι;
544 2414 567 2463 τ.
588 2441 621 2451 -
641 2415 677 2462 ετ
695 2441 729 2450 -
750 2414 837 2463 τ-το
855 2410 890 2476 cf.
905 2408 968 2464 Nic.
979 2426 1009 2479 μ.
1026 2416 1068 2478 12,
1083 2415 1125 2464 ου.

180 2587 197 2634 4
216 2577 328 2648 ἀθυμία
347 2579 433 2649 πολλὴ
451 2580 500 2633 καλ
517 2575 618 2648 θλίψις
637 2577 737 2632 OPRV
755 2579 804 2633 ἀθ.
824 2579 873 2633 καλ
891 2581 937 2632 θλ.
956 2579 1044 2650 πολλὴ
1061 2579 1123 2634 τελλ.

107 2652 174 2706 Exn.
190 2683 223 2692 —-
243 2647 299 2723 εἶχε
313 2650 371 2704 RV.
391 2682 427 2690 -
445 2655 514 2704 6-7
533 2647 615 2704 κόνιν
632 2647 702 2704 τότε.
727 2650 815 2704 καλΙί
838 2649 925 2704 κόνιν.
950 2651 999 2703 καλ
1011 2651 1073 2705 τότε
1092 2651 1124 2704 A.

107 2755 143 2764 —
162 2729 177 2776 ‘1
196 2722 223 2776 ολ
238 2739 288 2777 om.
304 2720 392 2776 OGR.
407 2753 442 2761 —
461 2726 478 2775 8
491 2720 543 2789 τὴν
556 2719 709 2789 ἡρακλείαν
722 2721 773 2775 AG
783 2720 848 2776 Exn.
867 2721 917 2776 τόν
932 2720 1079 2788 ἡράκλειον
1094 2721 1124 2774 Β.

108 2827 144 2836 -
163 2800 178 2848 9
198 2793 357 2848 ἀνέπαυσεν
372 2792 397 2845 G
415 2791 588 2847 διανέπαυεν
607 2792 642 2845 N.
663 2822 696 2833 -
717 2797 750 2846 18
769 2794 921 2854 διώσαντες
934 2791 1014 2845 ΑΒΝ
1019 2792 1042 2844 Ρ
1060 2794 1123 2845 διώ-

108 2867 206 2932 ξαντες
224 2863 301 2918 CRV
324 2861 505 2925 διωλέσαντες
524 2862 555 2917 G.

181 3032 194 3079 1
215 3022 313 3080 ἰδόντα
345 3022 515 3093 ὁμιλήσαντα
532 3023 563 3076 Ρ.
583 3054 617 3063 -
639 3027 655 3075 2
675 3020 829 3162 ἀποδείρας
847 3022 939 3076 ἀνεῖλε
957 3022 1023 3082 τοὺς
1041 3021 1073 3075 δὲ
1091 3021 1121 3076 P.

108 3129 142 3138 -
161 3102 178 3150 4
197 3094 312 3166 βασιλέα
341 3094 490 3163 ηράκλειον
503 3094 533 3147 Ρ.
549 3126 581 3134 -·
604 3099 691 3147 7-1'1
710 3094 759 3147 καλ
796 3097 868 3147 λθον
888 3091 915 3146 ολ
934 3091 1037 3164 ἀβαροι
1054 3092 1126 3160 πρὸς

106 3167 256 3236 ἡράκλειον
276 3166 325 3234 εἰρ.
341 3166 393 3220 αἰτ.
414 3169 511 3233 δῆθεν.
532 3162 565 3220 ὃν
585 3163 779 3231 ἀπατήσαντες
797 3161 899 3232 ὁμοίως
917 3165 965 3216 καλ
984 3162 1055 3231 πρὸς
1072 3165 1124 3230 τὴν

107 3234 273 3310 συλιμβρίαν
292 3236 488 3307 ἐξαγαγόντες,
511 3234 589 3305 μόλις
612 3235 652 3298 είς
669 3236 701 3289 τὸ
720 3235 868 3305 βνζάντιον
887 3235 1050 3298 διασώζεται
1073 3236 1125 3288 σὺν

108 3307 212 3378 ὀλίγοις
234 3307 406 3377 αἰσθόμενος
428 3306 480 3376 τὴν
503 3307 654 3377 ἐπιβουλὴν
677 3306 726 3360 καλ
748 3306 798 3360 τόν
819 3304 902 3362 δόλον
923 3306 1029 3371 αὐτῶν,
1053 3307 1124 3359 ἀπο-

107 3381 200 3452 βαλὼν
222 3380 275 3447 τὴν
294 3378 441 3451 βασιλικὴν
464 3378 579 3445 ἐσθῆτα.
612 3376 640 3431 ολ
659 3378 690 3432 δέ
709 3385 809 3432 τοῦτον
828 3376 1024 3437 ἐπιδιώκοντες
1045 3375 1125 3446 μέχρι
1220 3397 1222 3402 ’

106 3459 157 3505 τοῦ
177 3446 298 3523 ἑβδόμου
316 3451 366 3505 καλ
382 3450 434 3519 τὴν
453 3446 590 3517 φορεσίαν
608 3448 697 3502 αὐτοῦ
718 3449 767 3502 καλ
784 3456 881 3502 πᾶσαν
900 3447 951 3516 τὴν
969 3446 1125 3516 ὑπηρεσίαν

108 3520 252 3591 εἰληφότες
265 3521 295 3574 Ρ.
311 3551 344 3562 -
365 3526 398 3575 18
417 3519 485 3590 μέρη
504 3518 599 3574 πάντα
612 3518 642 3574 P.
659 3551 692 3560 -
713 3525 745 3573 19
764 3539 825 3590 γον.
843 3519 926 3592 γωρλς
939 3527 995 3573 τῶν
1010 3519 1124 3584 ἀναιρε-

107 3592 219 3648 θέντων
237 3590 366 3664 γιλιάδας
384 3591 429 3646 σο’
446 3591 478 3644 Ρ.
