<?xml version="1.0" encoding="UTF-8"?>
<!DOCTYPE html PUBLIC "-//W3C//DTD XHTML 1.0 Transitional//EN"
    "http://www.w3.org/TR/xhtml1/DTD/xhtml1-transitional.dtd">
<html xmlns="http://www.w3.org/1999/xhtml" xml:lang="en" lang="en">
 <head>
  <title>
</title>
<meta http-equiv="Content-Type" content="text/html;charset=utf-8" />
  <meta name='ocr-system' content='tesseract 3.04.00' />
  <meta name='ocr-capabilities' content='ocr_page ocr_carea ocr_par ocr_line ocrx_word'/>
</head>
<body>
  <div class='ocr_page' id='page_1' title='image "./georgiimonachic00boorgoog_0316.png"; bbox 0 0 2617 3909; ppageno 0'>
   <div class='ocr_carea' id='block_1_1' title="bbox 188 195 887 258">
    <p class='ocr_par' dir='ltr' id='par_1_1' title="bbox 188 195 887 258">
     <span class='ocr_line' id='line_1_1' title="bbox 188 195 887 258; baseline -0.017 1"><span class='ocrx_word' id='word_1_1' title='bbox 188 195 255 258; x_wconf 83' lang='lat'><strong><em>690</em></strong></span> <span class='ocrx_word' id='word_1_2' title='bbox 358 245 361 249; x_wconf 86' lang='lat'>.</span> <span class='ocrx_word' id='word_1_3' title='bbox 497 197 685 247; x_wconf 70' lang='grc' dir='ltr'><strong><em>Γικοεσιον</em></strong></span> <span class='ocrx_word' id='word_1_4' title='bbox 703 197 887 248; x_wconf 61' lang='grc' dir='ltr'><strong><em>κομίτιον</em></strong></span> 
     </span>
    </p>
   </div>
   <div class='ocr_carea' id='block_1_2' title="bbox 91 341 1294 2764">
    <p class='ocr_par' dir='ltr' id='par_1_2' title="bbox 91 341 1225 720">
     <span class='ocr_line' id='line_1_2' title="bbox 91 341 1225 422; baseline -0.003 -15"><span class='ocrx_word' id='word_1_5' title='bbox 91 367 130 407; x_wconf 79' lang='grc' dir='ltr'><strong><em>σεε</em></strong></span> <span class='ocrx_word' id='word_1_6' title='bbox 145 365 176 404; x_wconf 81' lang='grc' dir='ltr'><strong><em>ιι.</em></strong></span> <span class='ocrx_word' id='word_1_7' title='bbox 190 343 360 422; x_wconf 73' lang='grc' dir='ltr'><strong><em>στησόμεθα</em></strong></span> <span class='ocrx_word' id='word_1_8' title='bbox 383 343 505 422; x_wconf 87' lang='grc' dir='ltr'><strong><em>πάντες,</em></strong></span> <span class='ocrx_word' id='word_1_9' title='bbox 528 342 579 404; x_wconf 86' lang='grc' dir='ltr'><strong><em>καλ</em></strong></span> <span class='ocrx_word' id='word_1_10' title='bbox 596 341 617 422; x_wconf 83' lang='grc' dir='ltr'><strong><em>ῆ</em></strong></span> <span class='ocrx_word' id='word_1_11' title='bbox 637 343 680 416; x_wconf 85' lang='grc' dir='ltr'><strong><em>είς</em></strong></span> <span class='ocrx_word' id='word_1_12' title='bbox 698 341 753 420; x_wconf 84' lang='grc' dir='ltr'><strong><em>τῆν</em></strong></span> <span class='ocrx_word' id='word_1_13' title='bbox 771 343 894 404; x_wconf 84' lang='grc' dir='ltr'><strong><em>αἰύνιον</em></strong></span> <span class='ocrx_word' id='word_1_14' title='bbox 913 343 992 421; x_wconf 82' lang='grc' dir='ltr'><strong><em>ζωῆν</em></strong></span> <span class='ocrx_word' id='word_1_15' title='bbox 1010 365 1039 404; x_wconf 89' lang='grc' dir='ltr'><strong><em>τε</em></strong></span> <span class='ocrx_word' id='word_1_16' title='bbox 1062 342 1114 404; x_wconf 83' lang='grc' dir='ltr'><strong><em>καί</em></strong></span> <span class='ocrx_word' id='word_1_17' title='bbox 1139 343 1225 404; x_wconf 89' lang='grc' dir='ltr'><strong><em>ἀνά-</em></strong></span> 
     </span>
     <span class='ocr_line' id='line_1_3' title="bbox 186 438 1224 522; baseline -0.001 -19"><span class='ocrx_word' id='word_1_18' title='bbox 186 458 315 521; x_wconf 87' lang='grc' dir='ltr'><strong><em>παυσιν,</em></strong></span> <span class='ocrx_word' id='word_1_19' title='bbox 342 439 363 520; x_wconf 81' lang='grc' dir='ltr'><strong><em>ῆ</em></strong></span> <span class='ocrx_word' id='word_1_20' title='bbox 386 441 429 512; x_wconf 87' lang='grc' dir='ltr'><strong><em>είς</em></strong></span> <span class='ocrx_word' id='word_1_21' title='bbox 451 440 506 519; x_wconf 80' lang='grc' dir='ltr'><strong><em>τὴν</em></strong></span> <span class='ocrx_word' id='word_1_22' title='bbox 529 438 695 520; x_wconf 76' lang='grc' dir='ltr'><strong><em>ἀπέραντον</em></strong></span> <span class='ocrx_word' id='word_1_23' title='bbox 718 439 816 522; x_wconf 74' lang='grc' dir='ltr'><strong><em>φλόγα</em></strong></span> <span class='ocrx_word' id='word_1_24' title='bbox 838 449 891 501; x_wconf 93' lang='grc' dir='ltr'><strong><em>τοῦ</em></strong></span> <span class='ocrx_word' id='word_1_25' title='bbox 913 441 1009 522; x_wconf 83' lang='grc' dir='ltr'><strong><em>πυρὸς</em></strong></span> <span class='ocrx_word' id='word_1_26' title='bbox 1031 439 1224 522; x_wconf 86' lang='grc' dir='ltr'><strong><em>ἀπαχθησύ-</em></strong></span> 
     </span>
     <span class='ocr_line' id='line_1_4' title="bbox 189 536 1222 620; baseline 0 -20"><span class='ocrx_word' id='word_1_27' title='bbox 189 546 278 619; x_wconf 81' lang='grc' dir='ltr'><strong><em>μεθα.</em></strong></span> <span class='ocrx_word' id='word_1_28' title='bbox 323 540 395 620; x_wconf 83' lang='grc' dir='ltr'><strong><em>ὅπερ</em></strong></span> <span class='ocrx_word' id='word_1_29' title='bbox 418 537 434 600; x_wconf 88' lang='grc' dir='ltr'><strong><em>δ</em></strong></span> <span class='ocrx_word' id='word_1_30' title='bbox 457 537 530 610; x_wconf 86' lang='grc' dir='ltr'><strong><em>θεὸς</em></strong></span> <span class='ocrx_word' id='word_1_31' title='bbox 552 537 734 618; x_wconf 87' lang='grc' dir='ltr'><strong><em>βουλόμενος</em></strong></span> <span class='ocrx_word' id='word_1_32' title='bbox 756 536 911 611; x_wconf 77' lang='grc' dir='ltr'><strong><em>ὑποδεῖξαι</em></strong></span> <span class='ocrx_word' id='word_1_33' title='bbox 936 538 986 598; x_wconf 92' lang='grc' dir='ltr'><strong><em>διά</em></strong></span> <span class='ocrx_word' id='word_1_34' title='bbox 1008 561 1089 610; x_wconf 87' lang='grc' dir='ltr'><strong><em>τινος</em></strong></span> <span class='ocrx_word' id='word_1_35' title='bbox 1113 539 1222 600; x_wconf 89' lang='grc' dir='ltr'><strong><em>τύπον</em></strong></span> 
     </span>
     <span class='ocr_line' id='line_1_5' title="bbox 188 634 1222 720; baseline -0.003 -21"><span class='ocrx_word' id='word_1_36' title='bbox 188 646 358 717; x_wconf 76' lang='grc' dir='ltr'><strong><em>σωματικοῦ</em></strong></span> <span class='ocrx_word' id='word_1_37' title='bbox 376 637 593 718; x_wconf 77' lang='grc' dir='ltr'><strong><em>παρεσκεύασεν</em></strong></span> <span class='ocrx_word' id='word_1_38' title='bbox 611 635 644 697; x_wconf 81' lang='grc' dir='ltr'><strong><em>ἐν</em></strong></span> <span class='ocrx_word' id='word_1_39' title='bbox 663 645 707 720; x_wconf 91' lang='grc' dir='ltr'><strong><em>τῆ·</em></strong></span> <span class='ocrx_word' id='word_1_40' title='bbox 722 645 775 697; x_wconf 92' lang='grc' dir='ltr'><strong><em>τοῦ</em></strong></span> <span class='ocrx_word' id='word_1_41' title='bbox 793 634 950 707; x_wconf 83' lang='grc' dir='ltr'><strong><em>Μωῦσέως</em></strong></span> <span class='ocrx_word' id='word_1_42' title='bbox 967 640 1085 720; x_wconf 75' lang='grc' dir='ltr'><strong><em>τελευτῇ</em></strong></span> <span class='ocrx_word' id='word_1_43' title='bbox 1111 646 1222 716; x_wconf 87' lang='grc' dir='ltr'><strong><em>φανῆ-</em></strong></span> 
     </span>
    </p>

    <p class='ocr_par' dir='ltr' id='par_1_3' title="bbox 163 731 1221 917">
     <span class='ocr_line' id='line_1_6' title="bbox 163 731 1221 815; baseline -0.003 -17"><span class='ocrx_word' id='word_1_44' title='bbox 163 757 241 798; x_wconf 78' lang='grc' dir='ltr'><strong><em>σναι</em></strong></span> <span class='ocrx_word' id='word_1_45' title='bbox 258 735 311 796; x_wconf 80' lang='grc' dir='ltr'><strong><em>τόν</em></strong></span> <span class='ocrx_word' id='word_1_46' title='bbox 328 733 507 815; x_wconf 85' lang='grc' dir='ltr'><strong><em>ἀρχάχγελον</em></strong></span> <span class='ocrx_word' id='word_1_47' title='bbox 528 731 654 814; x_wconf 80' lang='grc' dir='ltr'><strong><em>Μιχαῆλ</em></strong></span> <span class='ocrx_word' id='word_1_48' title='bbox 673 733 899 814; x_wconf 79' lang='grc' dir='ltr'><strong><em>διακρινόμενον</em></strong></span> <span class='ocrx_word' id='word_1_49' title='bbox 918 731 1055 814; x_wconf 76' lang='grc' dir='ltr'><strong><em>περὶτοῦ</em></strong></span> <span class='ocrx_word' id='word_1_50' title='bbox 1074 735 1221 812; x_wconf 82' lang='grc' dir='ltr'><strong><em>σώματος</em></strong></span> 
     </span>
     <span class='ocr_line' id='line_1_7' title="bbox 189 829 1220 917; baseline -0.001 -24"><span class='ocrx_word' id='word_1_51' title='bbox 189 832 283 894; x_wconf 90' lang='grc' dir='ltr'><strong><em>αύτοῦ</em></strong></span> <span class='ocrx_word' id='word_1_52' title='bbox 305 830 356 892; x_wconf 85' lang='grc' dir='ltr'><strong><em>καλ</em></strong></span> <span class='ocrx_word' id='word_1_53' title='bbox 378 831 430 894; x_wconf 82' lang='grc' dir='ltr'><strong><em>τὸν</em></strong></span> <span class='ocrx_word' id='word_1_54' title='bbox 453 831 588 913; x_wconf 80' lang='grc' dir='ltr'><strong><em>πονηρόν</em></strong></span> <span class='ocrx_word' id='word_1_55' title='bbox 610 829 841 910; x_wconf 79' lang='grc' dir='ltr'><strong><em>ἀντιπράττοντα</em></strong></span> <span class='ocrx_word' id='word_1_56' title='bbox 868 831 1009 909; x_wconf 90' lang='grc' dir='ltr'><strong><em>δαίμονα,</em></strong></span> <span class='ocrx_word' id='word_1_57' title='bbox 1036 829 1088 891; x_wconf 85' lang='grc' dir='ltr'><strong><em>καί</em></strong></span> <span class='ocrx_word' id='word_1_58' title='bbox 1117 832 1220 917; x_wconf 79' lang='grc' dir='ltr'><strong><em>τούτῳ</em></strong></span> 
     </span>
    </p>

    <p class='ocr_par' dir='ltr' id='par_1_4' title="bbox 187 926 1220 1112">
     <span class='ocr_line' id='line_1_8' title="bbox 190 926 1220 1010; baseline 0.002 -22"><span class='ocrx_word' id='word_1_59' title='bbox 190 929 242 990; x_wconf 84' lang='grc' dir='ltr'><strong><em>τὸν</em></strong></span> <span class='ocrx_word' id='word_1_60' title='bbox 264 929 389 1009; x_wconf 80' lang='grc' dir='ltr'><strong><em>Μιχαὴλ</em></strong></span> <span class='ocrx_word' id='word_1_61' title='bbox 411 927 529 1009; x_wconf 80' lang='grc' dir='ltr'><strong><em>ἀγαθόν</em></strong></span> <span class='ocrx_word' id='word_1_62' title='bbox 552 927 676 1009; x_wconf 83' lang='grc' dir='ltr'><strong><em>ἀγγελον</em></strong></span> <span class='ocrx_word' id='word_1_63' title='bbox 701 926 771 989; x_wconf 86' lang='grc' dir='ltr'><strong><em>όντα</em></strong></span> <span class='ocrx_word' id='word_1_64' title='bbox 793 937 1038 1010; x_wconf 84' lang='grc' dir='ltr'><strong><em>προσυπαντῆσαι</em></strong></span> <span class='ocrx_word' id='word_1_65' title='bbox 1061 927 1113 989; x_wconf 86' lang='grc' dir='ltr'><strong><em>καὶ</em></strong></span> <span class='ocrx_word' id='word_1_66' title='bbox 1137 928 1220 990; x_wconf 91' lang='grc' dir='ltr'><strong><em>ἀπο-</em></strong></span> 
     </span>
     <span class='ocr_line' id='line_1_9' title="bbox 187 1024 1219 1112; baseline -0.001 -24"><span class='ocrx_word' id='word_1_67' title='bbox 187 1028 318 1106; x_wconf 85' lang='grc' dir='ltr'><strong><em>σοβῆσαι</em></strong></span> <span class='ocrx_word' id='word_1_68' title='bbox 344 1026 393 1087; x_wconf 86' lang='grc' dir='ltr'><strong><em>καί</em></strong></span> <span class='ocrx_word' id='word_1_69' title='bbox 421 1026 462 1105; x_wconf 79' lang='grc' dir='ltr'><strong><em>μὴ</em></strong></span> <span class='ocrx_word' id='word_1_70' title='bbox 490 1025 715 1100; x_wconf 84' lang='grc' dir='ltr'><strong><em>ἐξονσιαστικῶς</em></strong></span> <span class='ocrx_word' id='word_1_71' title='bbox 742 1025 927 1105; x_wconf 77' lang='grc' dir='ltr'><strong><em>ἐπιτιμῆσαι,</em></strong></span> <span class='ocrx_word' id='word_1_72' title='bbox 954 1024 1028 1087; x_wconf 85' lang='grc' dir='ltr'><strong><em>ἀλλὰ</em></strong></span> <span class='ocrx_word' id='word_1_73' title='bbox 1055 1032 1094 1109; x_wconf 80' lang='grc' dir='ltr'><strong><em>τῷ</em></strong></span> <span class='ocrx_word' id='word_1_74' title='bbox 1117 1029 1219 1112; x_wconf 75' lang='grc' dir='ltr'><strong><em>κυρίῳ</em></strong></span> 
     </span>
    </p>

    <p class='ocr_par' dir='ltr' id='par_1_5' title="bbox 190 1119 1220 1206">
     <span class='ocr_line' id='line_1_10' title="bbox 190 1119 1220 1206; baseline 0 -22"><span class='ocrx_word' id='word_1_75' title='bbox 190 1134 250 1186; x_wconf 87' lang='grc' dir='ltr'><strong><em>τῶν</em></strong></span> <span class='ocrx_word' id='word_1_76' title='bbox 273 1124 350 1186; x_wconf 80' lang='grc' dir='ltr'><strong><em>ὅλων</em></strong></span> <span class='ocrx_word' id='word_1_77' title='bbox 372 1133 584 1206; x_wconf 77' lang='grc' dir='ltr'><strong><em>παραχωρῆσαι</em></strong></span> <span class='ocrx_word' id='word_1_78' title='bbox 606 1133 659 1202; x_wconf 93' lang='grc' dir='ltr'><strong><em>τῆς</em></strong></span> <span class='ocrx_word' id='word_1_79' title='bbox 678 1119 742 1183; x_wconf 89' lang='grc' dir='ltr'><strong><em>κατ’</em></strong></span> <span class='ocrx_word' id='word_1_80' title='bbox 763 1123 878 1185; x_wconf 92' lang='grc' dir='ltr'><strong><em>ἐκείνου</em></strong></span> <span class='ocrx_word' id='word_1_81' title='bbox 901 1123 1032 1204; x_wconf 90' lang='grc' dir='ltr'><strong><em>κρίσεως,</em></strong></span> <span class='ocrx_word' id='word_1_82' title='bbox 1056 1123 1140 1196; x_wconf 78' lang='grc' dir='ltr'><strong><em>ὅπως</em></strong></span> <span class='ocrx_word' id='word_1_83' title='bbox 1166 1124 1220 1184; x_wconf 86' lang='grc' dir='ltr'><strong><em>διά</em></strong></span> 
     </span>
    </p>

    <p class='ocr_par' dir='ltr' id='par_1_6' title="bbox 152 1219 1219 1673">
     <span class='ocr_line' id='line_1_11' title="bbox 152 1219 1219 1301; baseline -0.001 -18"><span class='ocrx_word' id='word_1_84' title='bbox 152 1244 178 1283; x_wconf 85' lang='lat'><strong><em>10</em></strong></span> <span class='ocrx_word' id='word_1_85' title='bbox 187 1224 304 1284; x_wconf 82' lang='grc' dir='ltr'><strong><em>τούτων</em></strong></span> <span class='ocrx_word' id='word_1_86' title='bbox 327 1223 472 1301; x_wconf 79' lang='grc' dir='ltr'><strong><em>μάθωμεν</em></strong></span> <span class='ocrx_word' id='word_1_87' title='bbox 495 1219 536 1294; x_wconf 77' lang='grc' dir='ltr'><strong><em>ὡς</em></strong></span> <span class='ocrx_word' id='word_1_88' title='bbox 554 1221 614 1282; x_wconf 80' lang='grc' dir='ltr'><strong><em>ἐστι</em></strong></span> <span class='ocrx_word' id='word_1_89' title='bbox 635 1243 680 1294; x_wconf 88' lang='grc' dir='ltr'><strong><em>τις</em></strong></span> <span class='ocrx_word' id='word_1_90' title='bbox 703 1219 903 1301; x_wconf 78' lang='grc' dir='ltr'><strong><em>ἀχωνίαταῖς</em></strong></span> <span class='ocrx_word' id='word_1_91' title='bbox 925 1226 1038 1300; x_wconf 79' lang='grc' dir='ltr'><strong><em>ψυχαῖς</em></strong></span> <span class='ocrx_word' id='word_1_92' title='bbox 1062 1221 1135 1299; x_wconf 81' lang='grc' dir='ltr'><strong><em>μετὰ</em></strong></span> <span class='ocrx_word' id='word_1_93' title='bbox 1159 1223 1219 1300; x_wconf 81' lang='grc' dir='ltr'><strong><em>τῆν</em></strong></span> 
     </span>
     <span class='ocr_line' id='line_1_12' title="bbox 191 1317 1218 1400; baseline -0.003 -18"><span class='ocrx_word' id='word_1_94' title='bbox 191 1321 309 1400; x_wconf 75' lang='grc' dir='ltr'><strong><em>ἔξοδον,</em></strong></span> <span class='ocrx_word' id='word_1_95' title='bbox 338 1318 388 1380; x_wconf 83' lang='grc' dir='ltr'><strong><em>καί</em></strong></span> <span class='ocrx_word' id='word_1_96' title='bbox 416 1319 462 1380; x_wconf 85' lang='grc' dir='ltr'><strong><em>ότι</em></strong></span> <span class='ocrx_word' id='word_1_97' title='bbox 488 1319 543 1400; x_wconf 78' lang='grc' dir='ltr'><strong><em>χρὴ</em></strong></span> <span class='ocrx_word' id='word_1_98' title='bbox 571 1318 621 1379; x_wconf 86' lang='grc' dir='ltr'><strong><em>διά</em></strong></span> <span class='ocrx_word' id='word_1_99' title='bbox 648 1328 708 1379; x_wconf 91' lang='grc' dir='ltr'><strong><em>τῶν</em></strong></span> <span class='ocrx_word' id='word_1_100' title='bbox 735 1317 861 1399; x_wconf 82' lang='grc' dir='ltr'><strong><em>ἀγαθῶν</em></strong></span> <span class='ocrx_word' id='word_1_101' title='bbox 888 1318 983 1400; x_wconf 76' lang='grc' dir='ltr'><strong><em>ἔργων</em></strong></span> <span class='ocrx_word' id='word_1_102' title='bbox 1005 1317 1218 1398; x_wconf 74' lang='grc' dir='ltr'><strong><em>ἑτοιμάζεσθαι</em></strong></span> 
     </span>
     <span class='ocr_line' id='line_1_13' title="bbox 189 1413 1217 1498; baseline -0.001 -20"><span class='ocrx_word' id='word_1_103' title='bbox 189 1416 266 1498; x_wconf 83' lang='grc' dir='ltr'><strong><em>πρὸς</em></strong></span> <span class='ocrx_word' id='word_1_104' title='bbox 288 1417 322 1478; x_wconf 86' lang='grc' dir='ltr'><strong><em>τὸ</em></strong></span> <span class='ocrx_word' id='word_1_105' title='bbox 345 1426 398 1497; x_wconf 89' lang='grc' dir='ltr'><strong><em>τῆς</em></strong></span> <span class='ocrx_word' id='word_1_106' title='bbox 419 1416 575 1498; x_wconf 78' lang='grc' dir='ltr'><strong><em>ἀμμελικῆς</em></strong></span> <span class='ocrx_word' id='word_1_107' title='bbox 598 1413 677 1495; x_wconf 78' lang='grc' dir='ltr'><strong><em>ἡμᾶς</em></strong></span> <span class='ocrx_word' id='word_1_108' title='bbox 695 1415 841 1496; x_wconf 79' lang='grc' dir='ltr'><strong><em>ἐπιτυχεῖν</em></strong></span> <span class='ocrx_word' id='word_1_109' title='bbox 864 1417 1040 1496; x_wconf 79' lang='grc' dir='ltr'><strong><em>συμμαχίας,</em></strong></span> <span class='ocrx_word' id='word_1_110' title='bbox 1063 1425 1124 1476; x_wconf 91' lang='grc' dir='ltr'><strong><em>τῶν</em></strong></span> <span class='ocrx_word' id='word_1_111' title='bbox 1148 1418 1217 1477; x_wconf 88' lang='grc' dir='ltr'><strong><em>δαι-</em></strong></span> 
     </span>
     <span class='ocr_line' id='line_1_14' title="bbox 191 1508 1218 1596; baseline -0.001 -21"><span class='ocrx_word' id='word_1_112' title='bbox 191 1515 293 1595; x_wconf 91' lang='grc' dir='ltr'><strong><em>μόνων</em></strong></span> <span class='ocrx_word' id='word_1_113' title='bbox 319 1508 393 1575; x_wconf 87' lang='grc' dir='ltr'><strong><em>καθ’</em></strong></span> <span class='ocrx_word' id='word_1_114' title='bbox 418 1511 504 1592; x_wconf 85' lang='grc' dir='ltr'><strong><em>ῆμῶν</em></strong></span> <span class='ocrx_word' id='word_1_115' title='bbox 531 1512 737 1594; x_wconf 81' lang='grc' dir='ltr'><strong><em>ἐπιτριζόντων</em></strong></span> <span class='ocrx_word' id='word_1_116' title='bbox 764 1513 919 1594; x_wconf 86' lang='grc' dir='ltr'><strong><em>φθονερὸν</em></strong></span> <span class='ocrx_word' id='word_1_117' title='bbox 951 1512 1001 1574; x_wconf 85' lang='grc' dir='ltr'><strong><em>καί</em></strong></span> <span class='ocrx_word' id='word_1_118' title='bbox 1033 1513 1144 1596; x_wconf 88' lang='grc' dir='ltr'><strong><em>πικρὸν</em></strong></span> <span class='ocrx_word' id='word_1_119' title='bbox 1173 1515 1218 1586; x_wconf 86' lang='grc' dir='ltr'><strong><em>είς</em></strong></span> 
     </span>
     <span class='ocr_line' id='line_1_15' title="bbox 191 1612 280 1673; baseline 0.022 -2"><span class='ocrx_word' id='word_1_120' title='bbox 191 1612 280 1673; x_wconf 83' lang='grc' dir='ltr'><strong><em>ἀπαν,</em></strong></span> 
     </span>
    </p>

    <p class='ocr_par' dir='ltr' id='par_1_7' title="bbox 152 1706 1294 2182">
     <span class='ocr_line' id='line_1_16' title="bbox 152 1706 1217 1791; baseline 0.004 -23"><span class='ocrx_word' id='word_1_121' title='bbox 152 1728 178 1768; x_wconf 85' lang='lat'><strong><em>15</em></strong></span> <span class='ocrx_word' id='word_1_122' title='bbox 258 1707 349 1788; x_wconf 84' lang='grc' dir='ltr'><strong><em>Λέχει</em></strong></span> <span class='ocrx_word' id='word_1_123' title='bbox 379 1717 454 1788; x_wconf 84' lang='grc' dir='ltr'><strong><em>χοῦν</em></strong></span> <span class='ocrx_word' id='word_1_124' title='bbox 486 1708 536 1768; x_wconf 80' lang='grc' dir='ltr'><strong><em>καί</em></strong></span> <span class='ocrx_word' id='word_1_125' title='bbox 571 1707 587 1770; x_wconf 86' lang='grc' dir='ltr'><strong><em>δ</em></strong></span> <span class='ocrx_word' id='word_1_126' title='bbox 615 1707 705 1789; x_wconf 79' lang='grc' dir='ltr'><strong><em>μέγας</em></strong></span> <span class='ocrx_word' id='word_1_127' title='bbox 741 1706 925 1789; x_wconf 80' lang='grc' dir='ltr'><strong><em>δμολογητῆς</em></strong></span> <span class='ocrx_word' id='word_1_128' title='bbox 956 1709 1099 1788; x_wconf 86' lang='grc' dir='ltr'><strong><em>Μάξιμος</em></strong></span> <span class='ocrx_word' id='word_1_129' title='bbox 1137 1711 1217 1791; x_wconf 86' lang='grc' dir='ltr'><strong><em>πρὸς</em></strong></span> 
     </span>
     <span class='ocr_line' id='line_1_17' title="bbox 189 1799 1217 1892; baseline 0.003 -27"><span class='ocrx_word' id='word_1_130' title='bbox 189 1799 334 1884; x_wconf 80' lang='grc' dir='ltr'><strong><em>Ἰωάννην</em></strong></span> <span class='ocrx_word' id='word_1_131' title='bbox 362 1806 622 1892; x_wconf 86' lang='grc' dir='ltr'><strong><em>κουβικουλάριον·</em></strong></span> <span class='ocrx_word' id='word_1_132' title='bbox 651 1807 696 1878; x_wconf 93' lang='grc' dir='ltr'><strong><em>τίς</em></strong></span> <span class='ocrx_word' id='word_1_133' title='bbox 722 1806 792 1886; x_wconf 85' lang='grc' dir='ltr'><strong><em>γάρ,</em></strong></span> <span class='ocrx_word' id='word_1_134' title='bbox 820 1805 966 1887; x_wconf 72' lang='grc' dir='ltr'><strong><em>ἀγαπητά,</em></strong></span> <span class='ocrx_word' id='word_1_135' title='bbox 994 1817 1054 1868; x_wconf 91' lang='grc' dir='ltr'><strong><em>τῶν</em></strong></span> <span class='ocrx_word' id='word_1_136' title='bbox 1076 1804 1142 1868; x_wconf 87' lang='grc' dir='ltr'><strong><em>κατ’</em></strong></span> <span class='ocrx_word' id='word_1_137' title='bbox 1164 1806 1217 1887; x_wconf 69' lang='grc' dir='ltr'><strong><em>ἐμὲ</em></strong></span> 
     </span>
     <span class='ocr_line' id='line_1_18' title="bbox 191 1900 1217 1984; baseline 0.005 -22"><span class='ocrx_word' id='word_1_138' title='bbox 191 1902 299 1983; x_wconf 80' lang='grc' dir='ltr'><strong><em>ῥύποις</em></strong></span> <span class='ocrx_word' id='word_1_139' title='bbox 327 1900 544 1984; x_wconf 77' lang='grc' dir='ltr'><strong><em>ἁμαρτημάτων</em></strong></span> <span class='ocrx_word' id='word_1_140' title='bbox 574 1903 796 1984; x_wconf 72' lang='grc' dir='ltr'><strong><em>κατεστεμμένος</em></strong></span> <span class='ocrx_word' id='word_1_141' title='bbox 829 1903 865 1964; x_wconf 92' lang='grc' dir='ltr'><strong><em>ού</em></strong></span> <span class='ocrx_word' id='word_1_142' title='bbox 898 1906 1034 1984; x_wconf 84' lang='grc' dir='ltr'><strong><em>φοβεῖται</em></strong></span> <span class='ocrx_word' id='word_1_143' title='bbox 1065 1905 1121 1984; x_wconf 80' lang='grc' dir='ltr'><strong><em>τῆν</em></strong></span> <span class='ocrx_word' id='word_1_144' title='bbox 1153 1917 1217 1967; x_wconf 87' lang='grc' dir='ltr'><strong><em>τῶν</em></strong></span> 
     </span>
     <span class='ocr_line' id='line_1_19' title="bbox 189 1987 1294 2082; baseline 0.004 -23"><span class='ocrx_word' id='word_1_145' title='bbox 189 1997 286 2080; x_wconf 75' lang='grc' dir='ltr'><strong><em>ἁγίων</em></strong></span> <span class='ocrx_word' id='word_1_146' title='bbox 308 1998 439 2081; x_wconf 76' lang='grc' dir='ltr'><strong><em>ἀγγέλων</em></strong></span> <span class='ocrx_word' id='word_1_147' title='bbox 462 1999 648 2079; x_wconf 74' lang='grc' dir='ltr'><strong><em>ἐπιστασίαν,</em></strong></span> <span class='ocrx_word' id='word_1_148' title='bbox 676 1997 731 2078; x_wconf 81' lang='grc' dir='ltr'><strong><em>ὑφ’</em></strong></span> <span class='ocrx_word' id='word_1_149' title='bbox 753 1993 795 2062; x_wconf 76' lang='grc' dir='ltr'><strong><em>ὧν</em></strong></span> <span class='ocrx_word' id='word_1_150' title='bbox 819 2001 893 2061; x_wconf 81' lang='grc' dir='ltr'><strong><em>κατὰ</em></strong></span> <span class='ocrx_word' id='word_1_151' title='bbox 915 2003 1003 2062; x_wconf 84' lang='grc' dir='ltr'><strong><em>θείαν</em></strong></span> <span class='ocrx_word' id='word_1_152' title='bbox 1027 2012 1137 2082; x_wconf 82' lang='grc' dir='ltr'><strong><em>ψῆφον</em></strong></span> <span class='ocrx_word' id='word_1_153' title='bbox 1159 2013 1216 2082; x_wconf 86' lang='grc' dir='ltr'><strong><em>τῆς</em></strong></span> <span class='ocrx_word' id='word_1_154' title='bbox 1293 1987 1294 1990; x_wconf 17' lang='lat'>¹</span> 
     </span>
     <span class='ocr_line' id='line_1_20' title="bbox 192 2095 1212 2182; baseline 0.003 -24"><span class='ocrx_word' id='word_1_155' title='bbox 192 2098 348 2178; x_wconf 83' lang='grc' dir='ltr'><strong><em>παρούσης</em></strong></span> <span class='ocrx_word' id='word_1_156' title='bbox 375 2101 452 2177; x_wconf 83' lang='grc' dir='ltr'><strong><em>ζωῆς</em></strong></span> <span class='ocrx_word' id='word_1_157' title='bbox 478 2098 511 2158; x_wconf 88' lang='grc' dir='ltr'><strong><em>τὸ</em></strong></span> <span class='ocrx_word' id='word_1_158' title='bbox 538 2097 629 2178; x_wconf 79' lang='grc' dir='ltr'><strong><em>πέρας</em></strong></span> <span class='ocrx_word' id='word_1_159' title='bbox 658 2098 813 2177; x_wconf 89' lang='grc' dir='ltr'><strong><em>δεχόμενος</em></strong></span> <span class='ocrx_word' id='word_1_160' title='bbox 840 2100 893 2182; x_wconf 80' lang='grc' dir='ltr'><strong><em>βίμ</em></strong></span> <span class='ocrx_word' id='word_1_161' title='bbox 915 2107 967 2160; x_wconf 90' lang='grc' dir='ltr'><strong><em>τοῦ</em></strong></span> <span class='ocrx_word' id='word_1_162' title='bbox 990 2100 1125 2178; x_wconf 84' lang='grc' dir='ltr'><strong><em>σώματος</em></strong></span> <span class='ocrx_word' id='word_1_163' title='bbox 1149 2095 1212 2178; x_wconf 86' lang='grc' dir='ltr'><strong><em>μετ’</em></strong></span> 
     </span>
    </p>

    <p class='ocr_par' dir='ltr' id='par_1_8' title="bbox 152 2193 1214 2376">
     <span class='ocr_line' id='line_1_21' title="bbox 152 2193 1214 2278; baseline 0.002 -21"><span class='ocrx_word' id='word_1_164' title='bbox 152 2217 180 2256; x_wconf 77' lang='grc' dir='ltr'><strong><em>εο</em></strong></span> <span class='ocrx_word' id='word_1_165' title='bbox 193 2193 284 2276; x_wconf 77' lang='grc' dir='ltr'><strong><em>ἀρχῆς</em></strong></span> <span class='ocrx_word' id='word_1_166' title='bbox 316 2195 468 2268; x_wconf 81' lang='grc' dir='ltr'><strong><em>ἐξωθεῖται</em></strong></span> <span class='ocrx_word' id='word_1_167' title='bbox 501 2195 552 2256; x_wconf 87' lang='grc' dir='ltr'><strong><em>καί</em></strong></span> <span class='ocrx_word' id='word_1_168' title='bbox 583 2196 623 2274; x_wconf 81' lang='grc' dir='ltr'><strong><em>μῆ</em></strong></span> <span class='ocrx_word' id='word_1_169' title='bbox 661 2195 855 2274; x_wconf 80' lang='grc' dir='ltr'><strong><em>βουλόμενος;</em></strong></span> <span class='ocrx_word' id='word_1_170' title='bbox 893 2197 936 2269; x_wconf 86' lang='grc' dir='ltr'><strong><em>τίς</em></strong></span> <span class='ocrx_word' id='word_1_171' title='bbox 972 2196 1214 2278; x_wconf 82' lang='grc' dir='ltr'><strong><em>κεκηλιδωμὲνην</em></strong></span> 
     </span>
     <span class='ocr_line' id='line_1_22' title="bbox 193 2279 1213 2376; baseline 0.002 -23"><span class='ocrx_word' id='word_1_172' title='bbox 193 2292 288 2376; x_wconf 77' lang='grc' dir='ltr'><strong><em>ἑαυτῷ</em></strong></span> <span class='ocrx_word' id='word_1_173' title='bbox 312 2294 560 2372; x_wconf 87' lang='grc' dir='ltr'><strong><em>συνεπιστάμενος</em></strong></span> <span class='ocrx_word' id='word_1_174' title='bbox 582 2292 637 2371; x_wconf 80' lang='grc' dir='ltr'><strong><em>τῆν</em></strong></span> <span class='ocrx_word' id='word_1_175' title='bbox 660 2293 833 2372; x_wconf 81' lang='grc' dir='ltr'><strong><em>συνείδησιν</em></strong></span> <span class='ocrx_word' id='word_1_176' title='bbox 856 2293 893 2354; x_wconf 90' lang='grc' dir='ltr'><strong><em>ού</em></strong></span> <span class='ocrx_word' id='word_1_177' title='bbox 920 2292 1033 2354; x_wconf 83' lang='grc' dir='ltr'><strong><em>δέδοικε</em></strong></span> <span class='ocrx_word' id='word_1_178' title='bbox 1055 2295 1111 2373; x_wconf 85' lang='grc' dir='ltr'><strong><em>τῆν</em></strong></span> <span class='ocrx_word' id='word_1_179' title='bbox 1134 2279 1213 2374; x_wconf 58' lang='grc' dir='ltr'><strong><em>ὠμά</em></strong></span> 
     </span>
    </p>

    <p class='ocr_par' dir='ltr' id='par_1_9' title="bbox 143 2388 1214 2669">
     <span class='ocr_line' id='line_1_23' title="bbox 143 2388 1212 2472; baseline 0.002 -22"><span class='ocrx_word' id='word_1_180' title='bbox 143 2404 145 2408; x_wconf 81' lang='grc'>’</span> <span class='ocrx_word' id='word_1_181' title='bbox 189 2390 291 2469; x_wconf 87' lang='grc' dir='ltr'><strong><em>τάτην</em></strong></span> <span class='ocrx_word' id='word_1_182' title='bbox 312 2400 370 2451; x_wconf 88' lang='grc' dir='ltr'><strong><em>τῶν</em></strong></span> <span class='ocrx_word' id='word_1_183' title='bbox 397 2400 539 2471; x_wconf 85' lang='grc' dir='ltr'><strong><em>πονηρῶν</em></strong></span> <span class='ocrx_word' id='word_1_184' title='bbox 568 2390 720 2468; x_wconf 81' lang='grc' dir='ltr'><strong><em>δαιμόνων</em></strong></span> <span class='ocrx_word' id='word_1_185' title='bbox 747 2388 796 2450; x_wconf 83' lang='grc' dir='ltr'><strong><em>καί</em></strong></span> <span class='ocrx_word' id='word_1_186' title='bbox 827 2391 1006 2472; x_wconf 86' lang='grc' dir='ltr'><strong><em>βαρβαρώδη</em></strong></span> <span class='ocrx_word' id='word_1_187' title='bbox 1034 2389 1212 2472; x_wconf 86' lang='grc' dir='ltr'><strong><em>ύπάντησιν,</em></strong></span> 
     </span>
     <span class='ocr_line' id='line_1_24' title="bbox 190 2486 1213 2568; baseline 0.004 -22"><span class='ocrx_word' id='word_1_188' title='bbox 190 2486 318 2547; x_wconf 73' lang='grc' dir='ltr'><strong><em>ἑκάστου</em></strong></span> <span class='ocrx_word' id='word_1_189' title='bbox 340 2488 453 2547; x_wconf 87' lang='grc' dir='ltr'><strong><em>τούτων</em></strong></span> <span class='ocrx_word' id='word_1_190' title='bbox 475 2487 550 2547; x_wconf 81' lang='grc' dir='ltr'><strong><em>κατὰ</em></strong></span> <span class='ocrx_word' id='word_1_191' title='bbox 572 2487 624 2548; x_wconf 87' lang='grc' dir='ltr'><strong><em>τὸν</em></strong></span> <span class='ocrx_word' id='word_1_192' title='bbox 652 2486 724 2567; x_wconf 88' lang='grc' dir='ltr'><strong><em>ἀέρα</em></strong></span> <span class='ocrx_word' id='word_1_193' title='bbox 749 2487 820 2567; x_wconf 84' lang='grc' dir='ltr'><strong><em>μετά</em></strong></span> <span class='ocrx_word' id='word_1_194' title='bbox 842 2487 1023 2566; x_wconf 72' lang='grc' dir='ltr'><strong><em>τῆνέξοδου</em></strong></span> <span class='ocrx_word' id='word_1_195' title='bbox 1040 2488 1121 2568; x_wconf 85' lang='grc' dir='ltr'><strong><em>Ιπρὸς</em></strong></span> <span class='ocrx_word' id='word_1_196' title='bbox 1143 2488 1213 2550; x_wconf 83' lang='grc' dir='ltr'><strong><em>ἐαυ-</em></strong></span> 
     </span>
     <span class='ocr_line' id='line_1_25' title="bbox 194 2582 1214 2669; baseline 0.004 -26"><span class='ocrx_word' id='word_1_197' title='bbox 194 2583 246 2644; x_wconf 79' lang='grc' dir='ltr'><strong><em>τὸν</em></strong></span> <span class='ocrx_word' id='word_1_198' title='bbox 269 2582 401 2661; x_wconf 81' lang='grc' dir='ltr'><strong><em>ἀφειδῶς</em></strong></span> <span class='ocrx_word' id='word_1_199' title='bbox 421 2584 475 2662; x_wconf 82' lang='grc' dir='ltr'><strong><em>τῆν</em></strong></span> <span class='ocrx_word' id='word_1_200' title='bbox 498 2584 609 2646; x_wconf 84' lang='grc' dir='ltr'><strong><em>ἀθλίαν</em></strong></span> <span class='ocrx_word' id='word_1_201' title='bbox 627 2585 731 2664; x_wconf 79' lang='grc' dir='ltr'><strong><em>ψυχὴν</em></strong></span> <span class='ocrx_word' id='word_1_202' title='bbox 751 2583 886 2657; x_wconf 75' lang='grc' dir='ltr'><strong><em>ἕλκοντος</em></strong></span> <span class='ocrx_word' id='word_1_203' title='bbox 903 2585 953 2646; x_wconf 84' lang='grc' dir='ltr'><strong><em>καί</em></strong></span> <span class='ocrx_word' id='word_1_204' title='bbox 971 2591 1010 2668; x_wconf 80' lang='grc' dir='ltr'><strong><em>τῷ</em></strong></span> <span class='ocrx_word' id='word_1_205' title='bbox 1029 2585 1134 2669; x_wconf 77' lang='grc' dir='ltr'><strong><em>ἐλέγχῳ</em></strong></span> <span class='ocrx_word' id='word_1_206' title='bbox 1153 2597 1214 2648; x_wconf 90' lang='grc' dir='ltr'><strong><em>τῶν</em></strong></span> 
     </span>
    </p>

    <p class='ocr_par' dir='ltr' id='par_1_10' title="bbox 154 2679 1294 2764">
     <span class='ocr_line' id='line_1_26' title="bbox 154 2679 1294 2764; baseline 0.004 -21"><span class='ocrx_word' id='word_1_207' title='bbox 154 2679 270 2764; x_wconf 76' lang='grc' dir='ltr'><strong><em>οσαύτῆ</em></strong></span> <span class='ocrx_word' id='word_1_208' title='bbox 298 2680 511 2761; x_wconf 70' lang='grc' dir='ltr'><strong><em>πεπραγμένων</em></strong></span> <span class='ocrx_word' id='word_1_209' title='bbox 541 2683 787 2762; x_wconf 89' lang='grc' dir='ltr'><strong><em>καταισχύνοντος</em></strong></span> <span class='ocrx_word' id='word_1_210' title='bbox 816 2682 866 2742; x_wconf 80' lang='grc' dir='ltr'><strong><em>καί</em></strong></span> <span class='ocrx_word' id='word_1_211' title='bbox 893 2683 991 2760; x_wconf 88' lang='grc' dir='ltr'><strong><em>πάσης</em></strong></span> <span class='ocrx_word' id='word_1_212' title='bbox 1017 2682 1212 2762; x_wconf 84' lang='grc' dir='ltr'><strong><em>ἐμποιοῦντος</em></strong></span> <span class='ocrx_word' id='word_1_213' title='bbox 1293 2703 1294 2748; x_wconf 72' lang='lat'>3</span> 
     </span>
    </p>
   </div>
   <div class='ocr_carea' id='block_1_3' title="bbox 267 2869 1294 2940">
    <p class='ocr_par' dir='ltr' id='par_1_11' title="bbox 267 2869 1294 2940">
     <span class='ocr_line' id='line_1_27' title="bbox 267 2869 1294 2940; baseline 0.002 -17"><span class='ocrx_word' id='word_1_214' title='bbox 267 2876 372 2937; x_wconf 76' lang='lat' dir='ltr'><strong>lb-p.</strong></span> <span class='ocrx_word' id='word_1_215' title='bbox 388 2874 448 2934; x_wconf 88' lang='grc'><strong><em>691,</em></strong></span> <span class='ocrx_word' id='word_1_216' title='bbox 464 2874 497 2922; x_wconf 87' lang='lat'><strong><em>18</em></strong></span> <span class='ocrx_word' id='word_1_217' title='bbox 511 2869 650 2923; x_wconf 77' lang='lat' dir='ltr'><strong>Maximus</strong></span> <span class='ocrx_word' id='word_1_218' title='bbox 666 2869 744 2924; x_wconf 77' lang='lat' dir='ltr'><strong>Oonf.</strong></span> <span class='ocrx_word' id='word_1_219' title='bbox 760 2870 810 2938; x_wconf 85' lang='lat' dir='ltr'><strong><em>Ep.</em></strong></span> <span class='ocrx_word' id='word_1_220' title='bbox 827 2877 843 2922; x_wconf 83' lang='lat'>4</span> <span class='ocrx_word' id='word_1_221' title='bbox 860 2869 956 2940; x_wconf 84' lang='lat' dir='ltr'>Migne</span> <span class='ocrx_word' id='word_1_222' title='bbox 971 2869 1047 2924; x_wconf 84' lang='lat' dir='ltr'>Tom.</span> <span class='ocrx_word' id='word_1_223' title='bbox 1064 2876 1108 2939; x_wconf 81' lang='grc'><strong><em>91,</em></strong></span> <span class='ocrx_word' id='word_1_224' title='bbox 1118 2877 1169 2925; x_wconf 85' lang='grc'><strong><em>416</em></strong></span> <span class='ocrx_word' id='word_1_225' title='bbox 1177 2873 1211 2926; x_wconf 81' lang='grc' dir='ltr'><strong><em>Α.</em></strong></span> <span class='ocrx_word' id='word_1_226' title='bbox 1293 2931 1294 2934; x_wconf 8' lang='grc' dir='ltr'><strong>Ἴ</strong></span> 
     </span>
    </p>
   </div>
   <div class='ocr_carea' id='block_1_4' title="bbox 192 3035 1294 3321">
    <p class='ocr_par' dir='ltr' id='par_1_12' title="bbox 192 3035 1294 3321">
     <span class='ocr_line' id='line_1_28' title="bbox 192 3035 1294 3108; baseline 0.001 -21"><span class='ocrx_word' id='word_1_227' title='bbox 192 3080 218 3108; x_wconf 21' lang='grc' dir='ltr'><strong><em>,Ι</em></strong></span> <span class='ocrx_word' id='word_1_228' title='bbox 268 3044 282 3091; x_wconf 93' lang='grc'>1</span> <span class='ocrx_word' id='word_1_229' title='bbox 307 3035 393 3104; x_wconf 83' lang='grc' dir='ltr'><strong><em>ῆονι.</em></strong></span> <span class='ocrx_word' id='word_1_230' title='bbox 413 3037 464 3092; x_wconf 82' lang='lat' dir='ltr'><strong><em>GP</em></strong></span> <span class='ocrx_word' id='word_1_231' title='bbox 487 3044 512 3093; x_wconf 79' lang='lat' dir='ltr'><strong><em>et</em></strong></span> <span class='ocrx_word' id='word_1_232' title='bbox 533 3054 604 3092; x_wconf 78' lang='grc' dir='ltr'><strong><em>τοοο.</em></strong></span> <span class='ocrx_word' id='word_1_233' title='bbox 624 3039 749 3107; x_wconf 77' lang='lat' dir='ltr'><strong>quidam.</strong></span> <span class='ocrx_word' id='word_1_234' title='bbox 775 3071 810 3078; x_wconf 98' lang='lat'><em>-</em></span> <span class='ocrx_word' id='word_1_235' title='bbox 833 3044 849 3092; x_wconf 84' lang='grc'>8</span> <span class='ocrx_word' id='word_1_236' title='bbox 868 3039 917 3092; x_wconf 80' lang='grc' dir='ltr'><strong><em>καί</em></strong></span> <span class='ocrx_word' id='word_1_237' title='bbox 939 3037 976 3107; x_wconf 85' lang='grc' dir='ltr'><strong><em>μῆ</em></strong></span> <span class='ocrx_word' id='word_1_238' title='bbox 1000 3037 1213 3102; x_wconf 78' lang='grc' dir='ltr'><strong><em>ἐξουσιαστικῶς</em></strong></span> <span class='ocrx_word' id='word_1_239' title='bbox 1293 3041 1294 3088; x_wconf 66' lang='grc'>1</span> 
     </span>
     <span class='ocr_line' id='line_1_29' title="bbox 192 3108 1211 3178; baseline 0 -14"><span class='ocrx_word' id='word_1_240' title='bbox 192 3109 355 3178; x_wconf 79' lang='grc' dir='ltr'><strong><em>ἐπιτιμῆσαι</em></strong></span> <span class='ocrx_word' id='word_1_241' title='bbox 368 3127 419 3166; x_wconf 83' lang='grc' dir='ltr'><strong><em>σοι.</em></strong></span> <span class='ocrx_word' id='word_1_242' title='bbox 434 3108 494 3164; x_wconf 81' lang='lat' dir='ltr'><strong><em>cR.</em></strong></span> <span class='ocrx_word' id='word_1_243' title='bbox 509 3141 544 3149; x_wconf 92' lang='lat'>-</span> <span class='ocrx_word' id='word_1_244' title='bbox 564 3115 579 3162; x_wconf 82' lang='grc'><strong>9</strong></span> <span class='ocrx_word' id='word_1_245' title='bbox 593 3109 643 3164; x_wconf 77' lang='grc' dir='ltr'><strong><em>διὰ</em></strong></span> <span class='ocrx_word' id='word_1_246' title='bbox 655 3117 757 3166; x_wconf 88' lang='grc' dir='ltr'><strong><em>τοῦτον</em></strong></span> <span class='ocrx_word' id='word_1_247' title='bbox 770 3110 794 3162; x_wconf 88' lang='grc' dir='ltr'><strong>Α</strong></span> <span class='ocrx_word' id='word_1_248' title='bbox 813 3109 862 3164; x_wconf 81' lang='grc' dir='ltr'><strong><em>διὰ</em></strong></span> <span class='ocrx_word' id='word_1_249' title='bbox 875 3109 976 3163; x_wconf 90' lang='grc' dir='ltr'><strong><em>τούτου</em></strong></span> <span class='ocrx_word' id='word_1_250' title='bbox 990 3109 1021 3162; x_wconf 92' lang='grc' dir='ltr'><strong><em>Β.</em></strong></span> <span class='ocrx_word' id='word_1_251' title='bbox 1036 3141 1071 3148; x_wconf 99' lang='grc'>-</span> <span class='ocrx_word' id='word_1_252' title='bbox 1089 3115 1122 3163; x_wconf 82' lang='grc'><strong><em>13</em></strong></span> <span class='ocrx_word' id='word_1_253' title='bbox 1138 3114 1211 3178; x_wconf 84' lang='grc' dir='ltr'><strong><em>φθο-</em></strong></span> 
     </span>
     <span class='ocr_line' id='line_1_30' title="bbox 195 3179 1211 3250; baseline 0.003 -16"><span class='ocrx_word' id='word_1_254' title='bbox 195 3179 278 3248; x_wconf 83' lang='grc' dir='ltr'><strong><em>νερὸν</em></strong></span> <span class='ocrx_word' id='word_1_255' title='bbox 295 3181 344 3234; x_wconf 81' lang='grc' dir='ltr'><strong><em>καί</em></strong></span> <span class='ocrx_word' id='word_1_256' title='bbox 361 3180 465 3250; x_wconf 81' lang='grc' dir='ltr'><strong><em>πικρὸν</em></strong></span> <span class='ocrx_word' id='word_1_257' title='bbox 484 3180 559 3234; x_wconf 81' lang='grc' dir='ltr'><strong><em>ΔΒΡ</em></strong></span> <span class='ocrx_word' id='word_1_258' title='bbox 582 3184 733 3250; x_wconf 77' lang='grc' dir='ltr'><strong><em>φθονερῶς</em></strong></span> <span class='ocrx_word' id='word_1_259' title='bbox 753 3181 802 3235; x_wconf 80' lang='grc' dir='ltr'><strong><em>καί</em></strong></span> <span class='ocrx_word' id='word_1_260' title='bbox 819 3199 925 3248; x_wconf 74' lang='grc' dir='ltr'><strong><em>πικρας</em></strong></span> <span class='ocrx_word' id='word_1_261' title='bbox 942 3179 1002 3234; x_wconf 81' lang='lat' dir='ltr'>rell.</span> <span class='ocrx_word' id='word_1_262' title='bbox 1029 3211 1062 3220; x_wconf 88' lang='lat'><em>-</em></span> <span class='ocrx_word' id='word_1_263' title='bbox 1090 3185 1124 3233; x_wconf 72' lang='lat'><strong><em>15</em></strong></span> <span class='ocrx_word' id='word_1_264' title='bbox 1143 3189 1211 3250; x_wconf 80' lang='grc' dir='ltr'><strong><em>χοῦν</em></strong></span> 
     </span>
     <span class='ocr_line' id='line_1_31' title="bbox 195 3249 1210 3321; baseline 0 -17"><span class='ocrx_word' id='word_1_265' title='bbox 195 3251 335 3313; x_wconf 73' lang='lat' dir='ltr'><strong>ABDGB</strong></span> <span class='ocrx_word' id='word_1_266' title='bbox 348 3251 401 3307; x_wconf 86' lang='grc' dir='ltr'><strong><em>ούν</em></strong></span> <span class='ocrx_word' id='word_1_267' title='bbox 415 3251 527 3310; x_wconf 76' lang='lat' dir='ltr'><strong>OERV.</strong></span> <span class='ocrx_word' id='word_1_268' title='bbox 542 3283 578 3292; x_wconf 94' lang='lat'>—</span> <span class='ocrx_word' id='word_1_269' title='bbox 596 3252 645 3305; x_wconf 81' lang='grc' dir='ltr'><strong><em>καί</em></strong></span> <span class='ocrx_word' id='word_1_270' title='bbox 658 3251 734 3320; x_wconf 86' lang='grc' dir='ltr'><strong><em>ὁμολ.</em></strong></span> <span class='ocrx_word' id='word_1_271' title='bbox 749 3251 804 3305; x_wconf 84' lang='lat' dir='ltr'><strong><em>PR.</em></strong></span> <span class='ocrx_word' id='word_1_272' title='bbox 820 3283 855 3291; x_wconf 90' lang='lat'>—</span> <span class='ocrx_word' id='word_1_273' title='bbox 870 3257 903 3304; x_wconf 86' lang='grc'><strong><em>18</em></strong></span> <span class='ocrx_word' id='word_1_274' title='bbox 923 3249 1012 3321; x_wconf 83' lang='grc' dir='ltr'><strong><em>ἀχίων</em></strong></span> <span class='ocrx_word' id='word_1_275' title='bbox 1030 3267 1081 3305; x_wconf 82' lang='grc' dir='ltr'><strong><em>ουτ.</em></strong></span> <span class='ocrx_word' id='word_1_276' title='bbox 1096 3251 1158 3306; x_wconf 85' lang='lat' dir='ltr'><strong><em>BD.</em></strong></span> <span class='ocrx_word' id='word_1_277' title='bbox 1176 3283 1210 3292; x_wconf 69' lang='grc'><strong><em>«-</em></strong></span> 
     </span>
    </p>
   </div>
   <div class='ocr_carea' id='block_1_5' title="bbox 197 3322 639 3396">
    <p class='ocr_par' dir='ltr' id='par_1_13' title="bbox 197 3322 639 3396">
     <span class='ocr_line' id='line_1_32' title="bbox 197 3322 639 3396; baseline 0.007 -21"><span class='ocrx_word' id='word_1_278' title='bbox 197 3328 231 3375; x_wconf 80' lang='lat'><strong><em>25</em></strong></span> <span class='ocrx_word' id='word_1_279' title='bbox 248 3322 372 3384; x_wconf 75' lang='grc' dir='ltr'><strong><em>πᾶσιςῦ</em></strong></span> <span class='ocrx_word' id='word_1_280' title='bbox 394 3331 490 3396; x_wconf 85' lang='grc' dir='ltr'><strong><em>πᾶσαν</em></strong></span> <span class='ocrx_word' id='word_1_281' title='bbox 508 3322 539 3374; x_wconf 91' lang='grc' dir='ltr'><strong><em>Β.</em></strong></span> <span class='ocrx_word' id='word_1_282' title='bbox 635 3374 639 3378; x_wconf 82' lang='grc'><em>.</em></span> 
     </span>
    </p>
   </div>
   <div class='ocr_carea' id='block_1_6' title="bbox 196 3487 1210 3614">
    <p class='ocr_par' dir='ltr' id='par_1_14' title="bbox 196 3439 1294 3614">
     <span class='ocr_line' id='line_1_33' title="bbox 213 3487 1210 3562; baseline 0.011 -25"><span class='ocrx_word' id='word_1_283' title='bbox 213 3533 215 3537; x_wconf 88' lang='grc'><strong><em>,</em></strong></span> <span class='ocrx_word' id='word_1_284' title='bbox 241 3535 244 3540; x_wconf 80' lang='grc'><strong><em>,</em></strong></span> <span class='ocrx_word' id='word_1_285' title='bbox 270 3496 284 3542; x_wconf 93' lang='grc'>1</span> <span class='ocrx_word' id='word_1_286' title='bbox 304 3492 344 3551; x_wconf 81' lang='grc' dir='ltr'><strong><em>εἰς</em></strong></span> <span class='ocrx_word' id='word_1_287' title='bbox 360 3491 412 3558; x_wconf 82' lang='grc' dir='ltr'><strong><em>τῆν</em></strong></span> <span class='ocrx_word' id='word_1_288' title='bbox 430 3488 503 3557; x_wconf 81' lang='grc' dir='ltr'><strong><em>ζωὴν</em></strong></span> <span class='ocrx_word' id='word_1_289' title='bbox 520 3488 572 3557; x_wconf 80' lang='grc' dir='ltr'><strong><em>τῆν</em></strong></span> <span class='ocrx_word' id='word_1_290' title='bbox 591 3487 708 3542; x_wconf 78' lang='grc' dir='ltr'><strong><em>αίῶνίον</em></strong></span> <span class='ocrx_word' id='word_1_291' title='bbox 726 3488 756 3543; x_wconf 89' lang='grc' dir='ltr'><strong><em>Ρ.</em></strong></span> <span class='ocrx_word' id='word_1_292' title='bbox 771 3521 806 3529; x_wconf 93' lang='grc'><strong>-</strong></span> <span class='ocrx_word' id='word_1_293' title='bbox 826 3495 860 3542; x_wconf 83' lang='grc'><strong><em>14</em></strong></span> <span class='ocrx_word' id='word_1_294' title='bbox 879 3491 947 3544; x_wconf 77' lang='lat' dir='ltr'><strong><em>Alia</em></strong></span> <span class='ocrx_word' id='word_1_295' title='bbox 964 3490 998 3544; x_wconf 73' lang='lat' dir='ltr'><strong><em>de</em></strong></span> <span class='ocrx_word' id='word_1_296' title='bbox 1015 3489 1107 3545; x_wconf 66' lang='lat' dir='ltr'><strong><em>eodem</em></strong></span> <span class='ocrx_word' id='word_1_297' title='bbox 1124 3507 1210 3562; x_wconf 76' lang='grc' dir='ltr'><strong><em>ατρν-</em></strong></span> 
     </span>
     <span class='ocr_line' id='line_1_34' title="bbox 196 3560 699 3614; baseline 0.006 0"><span class='ocrx_word' id='word_1_298' title='bbox 196 3567 285 3614; x_wconf 77' lang='lat' dir='ltr'><em>mento</em></span> <span class='ocrx_word' id='word_1_299' title='bbox 303 3563 355 3614; x_wconf 82' lang='grc' dir='ltr'><strong><em>ι’κο.</em></strong></span> <span class='ocrx_word' id='word_1_300' title='bbox 370 3560 400 3613; x_wconf 91' lang='lat' dir='ltr'><strong><em>P.</em></strong></span> <span class='ocrx_word' id='word_1_301' title='bbox 487 3603 490 3608; x_wconf 91' lang='lat'>.</span> <span class='ocrx_word' id='word_1_302' title='bbox 697 3573 699 3578; x_wconf 88' lang='grc'><strong>’</strong></span> 
     </span>
    </p>
   </div>
   <div class='ocr_carea' id='block_1_7' title="bbox 0 0 1314 3909">
    <p class='ocr_par' dir='ltr' id='par_1_15' title="bbox 0 0 1314 3909">
     <span class='ocr_line' id='line_1_35' title="bbox 0 0 1314 3909; baseline 0 4"><span class='ocrx_word' id='word_1_303' title='bbox 0 0 1314 3909; x_wconf 95' lang='lat' dir='ltr'><strong><em> </em></strong></span> 
     </span>
    </p>
   </div>
  </div>
 </body>
</html>
