2617 3909
544 218 732 268 xP0N11<0N
1076 214 1145 278 789

111 364 179 424 καί
208 355 353 445 βδελυρᾶς
380 368 456 444 ζωης
484 363 596 444 δέχεται
623 365 678 443 τήν
705 366 865 443 περαίωσιν
895 364 944 424 καί
973 365 1060 443 δίκην
1088 374 1147 425 τῶν

114 461 351 542 τετολμημένων
369 463 568 542 εἰσπράττεται
585 463 756 543 παράδοξον
774 459 824 523 καί
842 463 971 536 ἐξαίσιον
989 463 1021 523 ἐν
1036 463 1146 542 τόποις,

115 559 183 633 οὓς
205 559 255 621 καί
278 564 336 633 ζῶν
360 558 376 620 ό
397 560 545 641 ἐξάγιστος
568 559 618 621 καί
641 561 812 639 τρισάθλιος
834 571 932 633 κακῶς
955 559 1146 640 έβεβήλωσεν,

115 658 177 720 καί
200 659 435 740 σφαγιαζόμενος
457 659 583 740 αἰσχρῶς
604 666 644 742 τῷ
665 659 769 744 λύθρῳ
795 668 854 719 τῶν
878 659 992 738 ἐναγῶν
1015 659 1147 736 αἱμάτων

117 756 139 818 δ
174 762 291 818 πολλῶν
318 757 452 836 αἱμάτων
479 767 654 837 χριστιανῶν
687 755 871 836 ἐμφορηθείς
903 757 1029 837 ἐχρανεν.
1077 757 1146 834 μετά
1173 778 1186 817 σ

118 853 160 915 δὲ
183 865 274 916 ταῦτα
297 855 412 936 ῥακίοις
435 853 560 915 εὐτελέσι
584 853 634 915 καί
658 853 772 935 τραχέσι
795 851 978 934 περιβληθέν
1001 853 1051 914 καί
1073 853 1146 914 ἀκα-

116 955 178 1036 τίῳ
203 959 295 1036 μικρῷ
314 953 357 1024 εἰς
376 961 461 1013 τοῦτο
484 950 706 1034 εύτρεπισθέντι
728 951 899 1032 ἐμβάλλεται
921 953 953 1014 τὸ
973 953 1145 1034 παμμίαρον

117 1050 177 1111 καί
191 1049 365 1132 ἀκάθαρτον
383 1050 476 1111 αύτού
491 1060 574 1128 σῶμα
592 1049 643 1110 καί
656 1050 730 1110 κατά
744 1049 799 1128 τήν
813 1048 1000 1130 καλουμένην
1015 1050 1145 1131 Πράτην
1159 1071 1198 1111 σοι
1214 1072 1238 1109 ιι

118 1147 280 1231 ἐκφέρεται
293 1158 388 1228 νήσον
402 1147 452 1208 καί
465 1149 679 1230 κατορύττεται,
698 1147 754 1208 ούκ
773 1143 840 1208 οἰδα
858 1142 931 1208 ἀνθ’
949 1148 1020 1208 ὅτου
1036 1149 1146 1226 ταύτην

120 1252 359 1326 κατακριθεῐσαν
377 1245 433 1325 τήν
452 1245 611 1325 συμφορὰν
629 1255 771 1306 τοσοῦτον
789 1245 882 1306 κακὸν
901 1244 1114 1319 ὑποδέξασθαι.
1161 1267 1186 1306 ιο

195 1343 379 1424 Προσεκτέον
402 1343 434 1404 δέ
458 1342 512 1422 ὡς,
539 1345 620 1424 εἴγε
644 1344 729 1423 ἰσχύν
752 1367 818 1404 τινα
840 1337 916 1423 εἶχεν
940 1342 955 1405 ὁ
979 1343 1065 1424 λόγος
1087 1353 1146 1404 τῶν

121 1444 283 1521 δυσμενῶν
301 1443 413 1503 τούτων
436 1441 486 1502 καί
505 1442 702 1520 δυσωνύμων,
726 1441 775 1502 καί
798 1441 941 1520 ἀληθείας
964 1441 1097 1521 ἐναυσμά
1119 1465 1146 1502 τι

122 1541 161 1602 ἐν
184 1547 245 1614 τοῖς
268 1536 339 1620 παρ’
363 1539 465 1612 αὐτοῖς
488 1539 745 1620 δογματιζομένοις
768 1539 908 1621 ἀμυδρῶς
930 1561 993 1611 πως
1016 1538 1145 1618 ἐφέρετο,

122 1637 185 1699 κάν
203 1645 267 1711 ταῖς
285 1636 387 1710 ἀλλαις
406 1639 564 1717 ἰεραρχίαις
586 1636 700 1716 ύπήρξέ
718 1660 777 1697 που
796 1637 914 1708 πάντως
933 1635 1145 1717 πεφυλαγμένα

122 1735 177 1796 καί
199 1737 416 1818 γινωσκόμενα,
444 1745 502 1796 νύν
528 1733 560 1796 δέ
579 1736 752 1814 οὐδαμόθεν
777 1735 938 1816 ἐπιγνῶναι
960 1744 1046 1795 τοῦτο
1069 1735 1144 1814 πάρ·
1160 1755 1184 1795 15

121 1852 214 1896 εστιν.
261 1832 336 1912 ὁμοῦ
359 1858 388 1895 τε
411 1834 466 1915 γὰρ
489 1831 545 1917 ἑῴα
572 1833 622 1894 καὶ
645 1833 765 1916 έσπερία
791 1837 873 1912 λῆξις
901 1832 933 1893 τὸ
957 1832 1145 1913 εύαγγελικὸν

123 1934 164 2012 δή
189 1942 275 1994 τοῦτο
304 1931 354 1992 καί
381 1931 576 1993 ἀποστολικὸν
598 1931 785 2012 περιέποντες
809 1932 974 1992 διατελοῦσι
997 1931 1145 2011 κήρυγμα,

123 2030 176 2092 καὶ
199 2029 306 2092 ούποτε
329 2029 362 2092 ἐν
384 2028 457 2113 άλλη
480 2029 613 2113 ἐξουσίᾳ,
641 2029 718 2089 ἔνθα
740 2029 915 2110 χριστιανοί,
943 2029 975 2090 τό
999 2027 1145 2106 ἔκθεσμον

123 2130 221 2190 ἐκεῖνο
247 2128 297 2188 καί
320 2129 494 2207 παράνομον
522 2126 571 2188 καί
594 2136 647 2206 τῆς
669 2136 843 2206 χριστιανῶν
867 2127 1036 2205 θεοσεβείας
1059 2124 1144 2188 ἀλλό-

124 2249 209 2308 τριον
232 2224 390 2306 παραφυὲν
413 2225 666 2304 καταλαμβάνεται
688 2221 847 2306 θεοστυγές
867 2223 961 2304 δόγμα
985 2221 1055 2284 ούδέ
1074 2223 1145 2284 ὅσον
1160 2245 1186 2284 εο

124 2327 168 2398 εἰς
192 2325 314 2403 μνήμην
337 2323 467 2404 ἀφῖχθαι
488 2333 548 2383 τῶν
570 2332 713 2404 πονηρῶν
740 2321 790 2383 καί
814 2331 954 2401 μυσαρῶν
978 2321 1144 2402 συνταγμά-

125 2447 200 2502 των,
229 2416 291 2483 ἀλλ’
315 2420 335 2501 ή
360 2422 453 2500 μόνον
476 2421 550 2482 κατὰ
572 2421 628 2498 τήν
651 2421 764 2499 δούλην
787 2421 898 2498 ταύτην
921 2419 970 2479 καί
993 2418 1145 2498 ἠνδραπο-

126 2519 271 2600 δισμένην
304 2519 353 2580 καί
386 2519 422 2580 τά
449 2525 519 2580 θεῖα
547 2514 610 2579 κατ’
636 2519 774 2591 ἐξουσίαν
801 2519 979 2596 παίζουσαν,
1008 2517 1040 2578 ἐν
1068 2505 1087 2602 ᾖ
1112 2517 1144 2578 τὸ

129 2616 262 2698 ἐμπαθές
285 2617 334 2678 καί
357 2618 508 2697 πρόσυλον
530 2627 590 2678 τῶν
612 2616 678 2696 περὶ
701 2626 758 2697 γῆν
781 2615 989 2698 στρεφομένων
1012 2613 1062 2675 καί
1083 2615 1144 2674 ἰλυ-

127 2715 291 2794 σπωμένων
319 2718 426 2796 γήϊνον
454 2714 504 2776 καὶ
531 2715 705 2788 ἀλαζονικὸν
733 2713 783 2775 καί
810 2713 1006 2795 ὑπερήφανον
1033 2734 1144 2792 πρυτα-
1159 2733 1184 2772 ιτ

127 2815 206 2876 νεύει
229 2815 385 2895 φρόνημα,
413 2815 490 2874 ἔνθα
512 2813 545 2874 τὸ
568 2814 726 2893 φίλαρχον,
755 2811 786 2872 τὸ
811 2801 971 2890 φίλαυτον,
999 2811 1030 2872 τὸ
1055 2809 1144 2888 φιλή-

128 2913 233 2989 δονον,
260 2911 292 2973 τὸ
321 2913 482 2989 φιλόδοξον
509 2910 529 2990 ή
557 2909 730 2990 κενόδοξον,
758 2907 776 2988 ή
800 2910 921 2971 πάντων
949 2908 1144 2986 καταθυμίων

127 3009 302 3086 ἀπόλαυσις,
330 3011 362 3072 τὸ
386 3011 506 3070 πάντων
529 3008 643 3070 ἐθέλειν
662 3005 760 3088 ἀρχειν
783 3007 832 3067 καὶ
856 3005 930 3086 μηδὲ
954 3006 1027 3086 πρὸς
1051 3006 1143 3066 αὐτοῦ

198 3172 385 3243 4αίσχρὸςο
408 3174 514 3245 αἰσχρῷ
532 3172 590 3225 RV.
616 3203 648 3210 -
674 3177 689 3222 6
710 3171 745 3240 δή
764 3170 878 3222 DELV.
903 3201 936 3208 -
960 3169 1009 3222 καὶ
1031 3167 1142 3291 τραχέσι

128 3263 175 3300 om.
191 3246 224 3300 A.
240 3277 274 3284 —
293 3247 342 3298 καλ
361 3250 423 3298 ante
442 3240 548 3316 ἀκατίῳ
566 3244 710 3297 delendum
724 3243 839 3296 υἰάοέινν.
855 3272 889 3280 -
910 3238 1076 3308 λμιαρὸνῦ
1108 3238 1141 3291 V.

129 3349 161 3356 -
181 3323 215 3371 10
233 3319 438 3382 κατακριθεῖσα
457 3314 570 3368 AEGL.
592 3347 625 3354 —
648 3313 789 3367 τοσούτων
808 3321 902 3366 κακῶν
921 3311 978 3365 AR.
999 3343 1033 3350 —
1060 3316 1091 3362 12
1112 3309 1142 3363 ἐν

130 3388 247 3458 αύσματι
261 3386 307 3442 GV
326 3387 460 3456 ἐναύματι
474 3385 527 3438 EG
547 3385 578 3440 ἐν
593 3385 694 3454 ἀσματι
709 3384 813 3453 (ἐνάσμ.
825 3383 864 3452 Μ)
874 3383 901 3436 N
918 3381 1107 3452 ἐναυγάσματι
1117 3382 1143 3434 A
1171 3431 1173 3436 ,

130 3459 158 3514 έν
175 3459 280 3528 ἀσμασι
297 3459 330 3512 R.
346 3489 379 3498 —
400 3463 433 3511 13
452 3455 521 3524 παρ’
538 3456 661 3511 αύτούῦ
680 3453 748 3523 παρ’
767 3456 859 3509 αὐτῶν
874 3454 904 3507 Ε,
923 3487 957 3494 -
976 3460 1011 3508 24
1030 3452 1142 3506 ίλυσπο-
1207 3473 1211 3482 ’

129 3528 216 3599 μένων
235 3529 317 3584 OGN
341 3530 532 3596 ἰλυσπώμενον
551 3526 677 3598 (έμενον
692 3529 726 3596 Α)
745 3527 803 3580 ΑΒ.
819 3558 853 3566 -
874 3532 906 3579 27
926 3526 956 3597 ή]
975 3522 1087 3593 ἢΑΟλῙ,
1107 3556 1141 3563 -

129 3603 305 3670 καταθύμιον
323 3600 375 3654 DV
393 3618 427 3654 m.
442 3605 461 3654 2
479 3618 547 3654 οονν.
566 3601 596 3653 ἐκ
616 3599 640 3652 D
666 3599 841 3667 καταθύμιος
860 3597 926 3652 MR.
