2617 3909
537 261 727 312 XPONIKON
1078 261 1143 325 563

126 409 183 488 τήν
207 409 301 488 φύσιν
324 415 363 493 τῷ
378 413 505 493 λογισμῷ
526 407 575 469 καὶ
595 406 650 487 τήν
670 408 776 487 φήμην
794 414 857 481 τοῖς
874 408 1029 490 ἐγκωμίοις
1051 409 1099 471 ἐνί
1137 458 1143 470 .

127 507 160 569 ἐν
180 506 212 568 δὲ
235 514 273 591 τῷ
294 507 401 586 μεταξὺ
427 506 547 585 Οὐάλης
568 506 725 587 γράμματα
747 505 887 586 ἐκπέμπει
914 506 988 588 πρὸς
1015 506 1067 567 τὸν
1089 510 1144 587 βα-

127 604 209 667 σιλέα
241 604 407 686 Γρατιανδν
438 604 602 687 προστάξας
637 604 797 666 Θεοδόσιον
833 604 1034 684 ἀποσταλῆναι
1070 606 1145 687 πρὸς

128 703 229 767 αὐτόν.
276 702 446 783 ἀρξάμενος,
466 700 498 763 δὲ
523 711 576 782 τῆς
599 701 771 784 ὁδοιπορίας
796 702 954 777 Θεοδόσιος
981 702 1031 763 καὶ
1053 703 1145 784 γνούς

130 802 186 881 τήν
212 801 377 873 Οὐάλεντος
399 800 534 879 τελευτήν
557 800 668 881 ἔρχεται
690 801 732 872 εἰς
755 800 842 862 πόλιν
865 799 1052 880 καλουμένην
1072 800 1144 881 Σὲρ-
1172 822 1184 860 5

129 922 208 979 μιον.
255 909 313 960 τῶν
341 896 372 959 δὲ
400 898 526 960 Γότθων
557 906 656 958 πᾶσαν
688 898 775 959 πόλιν
806 898 856 959 καί
887 901 985 979 χώραν
1014 897 1145 977 ἀφειδῶς

127 995 371 1075 λυμαινομένων,
399 995 449 1057 καὶ
471 1006 530 1057 τῶν
551 990 721 1074 Ῥωμαϊκῶν
745 995 948 1075 στρατοπέδων
972 997 1145 1077 φευγόντων

128 1094 188 1155 ἀπὸ
216 1094 377 1175 προσώπου
406 1094 524 1172 αὐτῶν,Ι
548 1092 610 1153 τότε
637 1093 797 1155 Θεοδόσιον
825 1092 857 1154 ἐν
879 1100 918 1176 τῷ
938 1096 1056 1179 Σερμίφ
1080 1095 1144 1155 διά-

127 1214 220 1274 γοντα
235 1192 399 1272 Γρανιανὸς
417 1195 622 1272 προσκαλεῖται
640 1192 735 1274 βουλή
753 1201 806 1270 τῆς
820 1192 985 1272 συγκλήτου
996 1185 1145 1271 Ῥωμαίων

129 1289 309 1368 φθονούσης
332 1288 419 1372 αὐτῷ,
442 1286 492 1348 καί
513 1287 570 1349 σύν
589 1285 699 1369 ὀλίγοις
718 1290 905 1370 στρατιώταις
922 1290 964 1361 είς
982 1290 1033 1351 τὸν
1051 1292 1145 1361 οὐτως
1160 1310 1185 1348 ιο

129 1386 213 1466 ἀμὸν
235 1386 285 1448 καὶ
304 1395 446 1448 τοσοῦτον
464 1385 592 1465 πόλεμον
615 1384 818 1465 ἀποσταλῆναι
839 1385 999 1448 Θεοδόσιον
1018 1383 1144 1468 [πείθει]

129 1485 309 1569 ἐπικινδύνῳ
339 1483 480 1564 ἀξιώματι
508 1481 671 1563 τιμηθέντα
698 1485 895 1566 στρατηλάτου
922 1484 991 1569 ἀξίηι
1017 1484 1069 1546 τὸν
1092 1486 1145 1564 βα-

131 1581 212 1644 σιλέα
235 1581 417 1662 παρέπεισεν.
463 1580 513 1643 καὶ
537 1581 553 1644 δ
578 1579 631 1660 μὲν
659 1581 796 1661 βασιλεὺς
822 1593 881 1643 τῶν
908 1593 960 1662 τῆς
987 1582 1145 1663 ἐπιβουλῆς

129 1680 181 1743 καὶ
213 1689 266 1741 τοῦ
294 1680 417 1758 φθόνου
449 1689 501 1741 τοῦ
533 1679 607 1740 κατὰ
639 1680 733 1758 φύσιν
762 1680 912 1742 εὐπτώτου
945 1680 1034 1744 οὐδὲν
1060 1682 1146 1763 ἔγνω,

129 1777 204 1839 κατὰ
226 1778 332 1859 κράτος
357 1775 389 1839 δὲ
408 1777 477 1850 τούς
495 1776 707 1857 νομιζομένους
730 1776 893 1857 ἀηττήτους
915 1774 992 1840 εἶναι
1009 1780 1146 1852 Γότθους
1160 1796 1185 1837 15

129 1876 255 1953 νικήσας
280 1876 438 1949 Θεοδόσιος
461 1874 517 1935 σύν
536 1875 614 1955 τάχει
631 1880 729 1959 πολλῷ
744 1882 783 1959 τῷ
798 1878 916 1956 βασιλεῖ
928 1878 1146 1958 τροπαιοφόρος

128 1972 280 2053 παραστὰς
307 1974 377 2057 θείηι
404 1972 501 2057 ψήφῳ
529 1972 561 2033 τὸ
589 1974 743 2053 βασιλικὸν
772 1974 904 2052 διάδημα
935 1976 1144 2054 περιβάλλεται,
1159 1992 1198 2033 ιω
1211 1992 1242 2030 M.

128 2074 297 2152 Γρατιανού
323 2080 560 2151 χειροτονοῦντος
588 2070 679 2132 αὐτὸν
707 2080 795 2155 καινῆ
823 2094 882 2131 τινι
908 2070 958 2131 καὶ
985 2078 1144 2155 θαυμαστῆ

129 2163 314 2248 περιεβλήθη
338 2168 479 2252 πορφύργ
502 2166 542 2241 ὡς
564 2166 686 2249 ἀρχαῖος
706 2168 852 2247 βασιλεύς.
888 2166 939 2228 καί
957 2167 1057 2247 ἐπειδή
1076 2168 1145 2241 τοὺς

130 2265 232 2344 τ’όμους
254 2264 346 2327 αὐτοῦ
369 2264 444 2347 ὑπὲρ
463 2263 627 2346 άνθρωπον
647 2264 787 2343 ὐψηλούς
810 2263 897 2338 ὄντας
915 2265 1070 2348 διαφόρων
1091 2269 1145 2345 βα-
1159 2284 1185 2323 εο

131 2361 236 2425 σιλώων
259 2364 403 2443 χλαμύδες
426 2362 542 2425 ἕνδύειν
566 2362 621 2423 οὐκ
643 2360 805 2442 ήδύναντο,
829 2356 955 2445 (πάντας
977 2363 1033 2446 γάρ
1056 2362 1145 2444 δπερ-

130 2458 205 2540 έχων
232 2466 271 2543 τῷ
295 2458 414 2542 μεγέθει
441 2471 539 2521 πᾶσαν
566 2459 680 2539 ἐσθῆτα
709 2460 758 2520 διά
786 2461 818 2523 τὸ
841 2462 921 2538 ὐψος
944 2461 1053 2543 μικρδιν
1075 2460 1145 2522 ἀπέ-

130 2552 243 2640 φηνεν)
272 2556 351 2632 τέλος
373 2559 603 2620 Κωνσταντίνου
630 2567 683 2617 τοῦ
706 2558 913 2637 εὐσεβεστάτου
940 2558 1082 2639 βασιλέως
1109 2568 1144 2644 τῆ

128 2655 273 2739 πορφύρρι
300 2655 464 2735 κοσμηθεὶς
491 2653 669 2734 ἐξέλαμψεν,
701 2654 733 2716 ἐκ
762 2657 945 2738 τετραγώνου
976 2656 1146 2738 ἀρμοσάσης

129 2752 215 2835 αὐτήκ
262 2753 338 2814 οὐτω
362 2753 526 2835 Γρατιανδς
553 2751 588 2812 τδι
611 2762 664 2832 τῆς
687 2753 799 2825 δόσεως
827 2752 900 2835 με’ρη
923 2753 1017 2839 ἑαυτῷ
1036 2755 1086 2816 καί
1108 2762 1187 2839 τῷεσ

203 2946 385 3010 25-p.-564‚
401 2948 417 2994 6
436 2940 526 2993 Rufin.
541 2940 575 3007 Π,
591 2946 632 2994 14.

203 3106 218 3153 ὅ
239 3098 351 3170 σερμίον
370 3099 419 3155 BC
443 3098 561 3169 σερμίωυ
580 3101 612 3154 A.
633 3132 667 3139 —
693 3106 724 3154 11
743 3101 805 3171 καὶ]
824 3101 841 3170 ή
860 3100 973 3155 Muralt.
993 3134 1026 3141 —
1050 3099 1146 3157 πεόθει

129 3172 181 3226 del.
201 3172 315 3227 υιίλιλιιν.
344 3204 378 3211 -
408 3178 440 3224 13
464 3181 519 3225 τῶν
538 3172 587 3225 BL
611 3179 636 3227 et
653 3171 678 3223 D
702 3177 774 3225 υι.2
800 3172 850 3226 τὸν
872 3172 932 3227 rell.
952 3190 1002 3227 om.
1021 3173 1086 3227 Exc.
1111 3206 1144 3214 -

130 3249 165 3295 14
185 3244 311 3297 εὐώπτου
326 3243 347 3295 L
367 3240 486 3297 εὐότιτου
500 3242 565 3296 Exc.
586 3244 733 3298 εὐπώπτου
747 3243 780 3296 R.
794 3275 830 3283 —
850 3250 883 3297 15
903 3241 976 3299 εἶναι
993 3244 1146 3314 ἀηττήτους

129 3312 289 3384 γότθουςΒ
309 3313 431 3384 γότθους
449 3312 601 3383 ἀηττήτους
620 3309 744 3399 εὐναιιΜ.
763 3346 796 3354 -
817 3320 850 3368 18
868 3316 931 3385 τιυὴ
945 3318 970 3369 Α
987 3317 1052 3386 τιμή
1067 3316 1094 3370 G.
1111 3348 1150 3359 —

128 3426 164 3474 22
184 3420 286 3489 μικρὰν
300 3420 402 3473 FLNR
420 3428 520 3489 μικροῦ
535 3418 636 3474 AOEV
659 3397 745 3488 Jffss.
767 3452 795 3459 -
815 3426 849 3473 24
867 3421 1024 3492 πορφυρίδι
1038 3424 1092 3477 LR.
1111 3454 1143 3461 -

128 3493 292 3560 κοσμισθελς
310 3491 372 3545 ΑΜ.
394 3523 427 3531 -
450 3490 595 3560 ἀρμοσάση
614 3493 679 3560 (-σει
697 3491 729 3559 F)
748 3489 859 3544 BGEF.
881 3525 913 3533 —
939 3501 972 3547 25
991 3493 1078 3548 αὐτόν
1096 3494 1144 3545 ΑΒ

129 3562 224 3616 αὐτῶν
246 3570 279 3617 ut
295 3564 350 3617 υἱώ.
370 3562 407 3616 Μ.
436 3595 470 3603 -
499 3560 649 3629 οὐτω-μ,
666 3569 765 3630 564‚1
791 3563 958 3630 διεφύλαξεν
981 3582 1031 3620 om.
1051 3567 1083 3617 A.
1110 3595 1145 3602 -

130 3629 213 3696 οὐτος
232 3633 312 3687 CEN
335 3634 383 3687 καὶ
403 3632 489 3695 οὐτως
507 3634 536 3686 F.
