<?xml version="1.0" encoding="UTF-8"?>
<!DOCTYPE html PUBLIC "-//W3C//DTD XHTML 1.0 Transitional//EN"
    "http://www.w3.org/TR/xhtml1/DTD/xhtml1-transitional.dtd">
<html xmlns="http://www.w3.org/1999/xhtml" xml:lang="en" lang="en">
 <head>
  <title>
</title>
<meta http-equiv="Content-Type" content="text/html;charset=utf-8" />
  <meta name='ocr-system' content='tesseract 3.04.00' />
  <meta name='ocr-capabilities' content='ocr_page ocr_carea ocr_par ocr_line ocrx_word'/>
</head>
<body>
  <div class='ocr_page' id='page_1' title='image "./georgiimonachic00boorgoog_0171.png"; bbox 0 0 2617 3909; ppageno 0'>
   <div class='ocr_carea' id='block_1_1' title="bbox 536 252 1134 328">
    <p class='ocr_par' dir='ltr' id='par_1_1' title="bbox 536 252 1134 328">
     <span class='ocr_line' id='line_1_1' title="bbox 536 252 1134 328; baseline 0 -13"><span class='ocrx_word' id='word_1_1' title='bbox 536 266 726 316; x_wconf 71' lang='grc' dir='ltr'><strong><em>ΧΡοαιΚοα</em></strong></span> <span class='ocrx_word' id='word_1_2' title='bbox 1068 252 1134 328; x_wconf 73' lang='lat'><strong><em>547</em></strong></span> 
     </span>
    </p>
   </div>
   <div class='ocr_carea' id='block_1_2' title="bbox 119 411 1240 2844">
    <p class='ocr_par' dir='ltr' id='par_1_2' title="bbox 119 411 1240 2844">
     <span class='ocr_line' id='line_1_2' title="bbox 119 411 1135 494; baseline 0.001 -22"><span class='ocrx_word' id='word_1_3' title='bbox 119 411 152 472; x_wconf 81' lang='grc' dir='ltr'><strong><em>έν</em></strong></span> <span class='ocrx_word' id='word_1_4' title='bbox 180 434 238 472; x_wconf 90' lang='grc' dir='ltr'><strong><em>τινι</em></strong></span> <span class='ocrx_word' id='word_1_5' title='bbox 270 412 426 473; x_wconf 87' lang='grc' dir='ltr'><strong><em>καταδύσει</em></strong></span> <span class='ocrx_word' id='word_1_6' title='bbox 458 414 568 486; x_wconf 91' lang='grc' dir='ltr'><strong><em>θυσίας</em></strong></span> <span class='ocrx_word' id='word_1_7' title='bbox 600 411 791 494; x_wconf 82' lang='grc' dir='ltr'><em>ἀκαθάρτους</em></span> <span class='ocrx_word' id='word_1_8' title='bbox 822 412 985 486; x_wconf 74' lang='grc' dir='ltr'><strong><em>ἐπιτελέσας</em></strong></span> <span class='ocrx_word' id='word_1_9' title='bbox 1011 419 1135 494; x_wconf 78' lang='grc' dir='ltr'><strong><em>κλεῖθρα</em></strong></span> 
     </span>
     <span class='ocr_line' id='line_1_3' title="bbox 119 508 1134 593; baseline 0.002 -23"><span class='ocrx_word' id='word_1_10' title='bbox 119 509 170 570; x_wconf 88' lang='grc' dir='ltr'><strong><em>καί</em></strong></span> <span class='ocrx_word' id='word_1_11' title='bbox 194 509 346 593; x_wconf 80' lang='grc' dir='ltr'><strong><em>σημαντρα</em></strong></span> <span class='ocrx_word' id='word_1_12' title='bbox 369 516 432 583; x_wconf 89' lang='grc' dir='ltr'><strong><em>ταῖς</em></strong></span> <span class='ocrx_word' id='word_1_13' title='bbox 455 511 565 591; x_wconf 80' lang='grc' dir='ltr'><strong><em>θύραις</em></strong></span> <span class='ocrx_word' id='word_1_14' title='bbox 587 509 717 590; x_wconf 75' lang='grc' dir='ltr'><strong><em>ἐπέθηκε</em></strong></span> <span class='ocrx_word' id='word_1_15' title='bbox 739 509 788 571; x_wconf 83' lang='grc' dir='ltr'><strong><em>καί</em></strong></span> <span class='ocrx_word' id='word_1_16' title='bbox 812 511 947 589; x_wconf 86' lang='grc' dir='ltr'><strong><em>φύλακας</em></strong></span> <span class='ocrx_word' id='word_1_17' title='bbox 970 508 1134 590; x_wconf 83' lang='grc' dir='ltr'><strong><em>έπέστησεν,</em></strong></span> 
     </span>
     <span class='ocr_line' id='line_1_4' title="bbox 120 601 1136 690; baseline 0.002 -22"><span class='ocrx_word' id='word_1_18' title='bbox 120 608 215 689; x_wconf 75' lang='grc' dir='ltr'><strong><em>ἤνπερ</em></strong></span> <span class='ocrx_word' id='word_1_19' title='bbox 242 606 411 683; x_wconf 78' lang='grc' dir='ltr'><strong><em>ἀνοίξαντες</em></strong></span> <span class='ocrx_word' id='word_1_20' title='bbox 439 607 508 687; x_wconf 80' lang='grc' dir='ltr'><strong><em>μετὰ</em></strong></span> <span class='ocrx_word' id='word_1_21' title='bbox 535 609 591 688; x_wconf 80' lang='grc' dir='ltr'><strong><em>τὴν</em></strong></span> <span class='ocrx_word' id='word_1_22' title='bbox 617 608 732 670; x_wconf 80' lang='grc' dir='ltr'><strong><em>ἐκείνου</em></strong></span> <span class='ocrx_word' id='word_1_23' title='bbox 759 618 872 670; x_wconf 82' lang='grc' dir='ltr'><strong><em>πτῶσιν</em></strong></span> <span class='ocrx_word' id='word_1_24' title='bbox 898 601 988 690; x_wconf 80' lang='grc' dir='ltr'><strong><em>εὗρον</em></strong></span> <span class='ocrx_word' id='word_1_25' title='bbox 1009 609 1136 690; x_wconf 88' lang='grc' dir='ltr'><strong><em>γύναιον</em></strong></span> 
     </span>
     <span class='ocr_line' id='line_1_5' title="bbox 120 706 1135 787; baseline 0 -19"><span class='ocrx_word' id='word_1_26' title='bbox 120 706 153 768; x_wconf 90' lang='grc' dir='ltr'><strong><em>έκ</em></strong></span> <span class='ocrx_word' id='word_1_27' title='bbox 176 716 235 767; x_wconf 91' lang='grc' dir='ltr'><strong><em>τῶν</em></strong></span> <span class='ocrx_word' id='word_1_28' title='bbox 257 717 363 787; x_wconf 86' lang='grc' dir='ltr'><strong><em>τριχῶν</em></strong></span> <span class='ocrx_word' id='word_1_29' title='bbox 385 707 568 786; x_wconf 80' lang='grc' dir='ltr'><strong><em>κρεμάμενον</em></strong></span> <span class='ocrx_word' id='word_1_30' title='bbox 590 706 640 767; x_wconf 88' lang='grc' dir='ltr'><strong><em>καί</em></strong></span> <span class='ocrx_word' id='word_1_31' title='bbox 662 706 851 786; x_wconf 77' lang='grc' dir='ltr'><strong><em>ἐκτεταμένον</em></strong></span> <span class='ocrx_word' id='word_1_32' title='bbox 869 707 936 787; x_wconf 85' lang='grc' dir='ltr'><strong><em>έχου</em></strong></span> <span class='ocrx_word' id='word_1_33' title='bbox 954 706 1006 780; x_wconf 86' lang='grc' dir='ltr'><strong><em>τάς</em></strong></span> <span class='ocrx_word' id='word_1_34' title='bbox 1028 713 1135 787; x_wconf 81' lang='grc' dir='ltr'><strong><em>χεῖρας,</em></strong></span> 
     </span>
     <span class='ocr_line' id='line_1_6' title="bbox 120 797 1175 886; baseline 0.001 -22"><span class='ocrx_word' id='word_1_35' title='bbox 120 797 157 882; x_wconf 76' lang='grc' dir='ltr'><strong><em>ἧς</em></strong></span> <span class='ocrx_word' id='word_1_36' title='bbox 180 803 339 885; x_wconf 79' lang='grc' dir='ltr'><strong><em>ἀνασχίσας</em></strong></span> <span class='ocrx_word' id='word_1_37' title='bbox 362 803 378 866; x_wconf 86' lang='grc' dir='ltr'><strong><em>δ</em></strong></span> <span class='ocrx_word' id='word_1_38' title='bbox 402 802 585 885; x_wconf 69' lang='grc' dir='ltr'><strong><em>ἄσπλαγχνος</em></strong></span> <span class='ocrx_word' id='word_1_39' title='bbox 612 804 668 883; x_wconf 81' lang='grc' dir='ltr'><strong><em>τὴν</em></strong></span> <span class='ocrx_word' id='word_1_40' title='bbox 689 804 813 886; x_wconf 77' lang='grc' dir='ltr'><strong><em>γαστέρα</em></strong></span> <span class='ocrx_word' id='word_1_41' title='bbox 834 805 891 884; x_wconf 78' lang='grc' dir='ltr'><strong><em>τὴν</em></strong></span> <span class='ocrx_word' id='word_1_42' title='bbox 912 805 987 866; x_wconf 87' lang='grc' dir='ltr'><strong><em>κατά</em></strong></span> <span class='ocrx_word' id='word_1_43' title='bbox 1010 809 1135 886; x_wconf 89' lang='grc' dir='ltr'><strong><em>Περσῶν</em></strong></span> <span class='ocrx_word' id='word_1_44' title='bbox 1163 825 1175 864; x_wconf 86' lang='lat'><strong>5</strong></span> 
     </span>
     <span class='ocr_line' id='line_1_7' title="bbox 121 897 1137 988; baseline 0.003 -26"><span class='ocrx_word' id='word_1_45' title='bbox 121 902 279 980; x_wconf 82' lang='grc' dir='ltr'><strong><em>δήπουθεν</em></strong></span> <span class='ocrx_word' id='word_1_46' title='bbox 310 903 384 984; x_wconf 84' lang='grc' dir='ltr'><strong><em>έγνω</em></strong></span> <span class='ocrx_word' id='word_1_47' title='bbox 417 901 467 963; x_wconf 81' lang='grc' dir='ltr'><strong><em>διὰ</em></strong></span> <span class='ocrx_word' id='word_1_48' title='bbox 496 912 549 964; x_wconf 82' lang='grc' dir='ltr'><strong><em>τοῦ</em></strong></span> <span class='ocrx_word' id='word_1_49' title='bbox 576 902 690 981; x_wconf 78' lang='grc' dir='ltr'><strong><em>η’πατος</em></strong></span> <span class='ocrx_word' id='word_1_50' title='bbox 716 904 813 981; x_wconf 90' lang='grc' dir='ltr'><strong><em>νίκην.</em></strong></span> <span class='ocrx_word' id='word_1_51' title='bbox 858 903 891 964; x_wconf 86' lang='grc' dir='ltr'><strong><em>έν</em></strong></span> <span class='ocrx_word' id='word_1_52' title='bbox 919 902 952 965; x_wconf 79' lang='grc' dir='ltr'><strong><em>δέ</em></strong></span> <span class='ocrx_word' id='word_1_53' title='bbox 976 897 1137 988; x_wconf 73' lang='grc' dir='ltr'><strong><em>Ἀντιοχείᾳ</em></strong></span> 
     </span>
     <span class='ocr_line' id='line_1_8' title="bbox 120 998 1137 1084; baseline 0.002 -24"><span class='ocrx_word' id='word_1_54' title='bbox 120 999 230 1072; x_wconf 82' lang='grc' dir='ltr'><strong><em>πολλὰς</em></strong></span> <span class='ocrx_word' id='word_1_55' title='bbox 254 998 306 1079; x_wconf 79' lang='grc' dir='ltr'><strong><em>μὲν</em></strong></span> <span class='ocrx_word' id='word_1_56' title='bbox 328 1000 473 1080; x_wconf 77' lang='grc' dir='ltr'><strong><em>κιβωτοὺς</em></strong></span> <span class='ocrx_word' id='word_1_57' title='bbox 495 999 527 1061; x_wconf 86' lang='grc' dir='ltr'><strong><em>έν</em></strong></span> <span class='ocrx_word' id='word_1_58' title='bbox 545 1007 607 1074; x_wconf 88' lang='grc' dir='ltr'><strong><em>τοῖς</em></strong></span> <span class='ocrx_word' id='word_1_59' title='bbox 629 1003 787 1080; x_wconf 89' lang='grc' dir='ltr'><strong><em>βασιλείοις</em></strong></span> <span class='ocrx_word' id='word_1_60' title='bbox 808 1006 946 1080; x_wconf 81' lang='grc' dir='ltr'><strong><em>κεφαλῶν</em></strong></span> <span class='ocrx_word' id='word_1_61' title='bbox 964 1000 1137 1084; x_wconf 81' lang='grc' dir='ltr'><strong><em>ἀνθρώπων</em></strong></span> 
     </span>
     <span class='ocr_line' id='line_1_9' title="bbox 120 1092 1137 1180; baseline 0.002 -22"><span class='ocrx_word' id='word_1_62' title='bbox 120 1096 366 1178; x_wconf 77' lang='grc' dir='ltr'><strong><em>πεπληρωμένας,</em></strong></span> <span class='ocrx_word' id='word_1_63' title='bbox 396 1097 491 1158; x_wconf 79' lang='grc' dir='ltr'><strong><em>πολλὰ</em></strong></span> <span class='ocrx_word' id='word_1_64' title='bbox 522 1096 555 1159; x_wconf 81' lang='grc' dir='ltr'><strong><em>δέ</em></strong></span> <span class='ocrx_word' id='word_1_65' title='bbox 586 1096 700 1180; x_wconf 89' lang='grc' dir='ltr'><strong><em>φρέατα</em></strong></span> <span class='ocrx_word' id='word_1_66' title='bbox 726 1108 839 1179; x_wconf 91' lang='grc' dir='ltr'><strong><em>νεκρῶν</em></strong></span> <span class='ocrx_word' id='word_1_67' title='bbox 871 1099 1015 1177; x_wconf 88' lang='grc' dir='ltr'><strong><em>σωμάτων</em></strong></span> <span class='ocrx_word' id='word_1_68' title='bbox 1047 1092 1137 1180; x_wconf 81' lang='grc' dir='ltr'><strong><em>εύρον</em></strong></span> 
     </span>
     <span class='ocr_line' id='line_1_10' title="bbox 121 1194 1136 1278; baseline 0.002 -22"><span class='ocrx_word' id='word_1_69' title='bbox 121 1194 320 1274; x_wconf 87' lang='grc' dir='ltr'><strong><em>πεπλησμένα.</em></strong></span> <span class='ocrx_word' id='word_1_70' title='bbox 357 1195 407 1256; x_wconf 82' lang='grc' dir='ltr'><strong><em>καὶ</em></strong></span> <span class='ocrx_word' id='word_1_71' title='bbox 429 1195 485 1277; x_wconf 86' lang='grc' dir='ltr'><strong><em>γάρ</em></strong></span> <span class='ocrx_word' id='word_1_72' title='bbox 509 1196 615 1276; x_wconf 90' lang='grc' dir='ltr'><strong><em>μυρίας</em></strong></span> <span class='ocrx_word' id='word_1_73' title='bbox 639 1195 692 1274; x_wconf 79' lang='grc' dir='ltr'><strong><em>μέν</em></strong></span> <span class='ocrx_word' id='word_1_74' title='bbox 714 1202 859 1277; x_wconf 87' lang='grc' dir='ltr'><strong><em>γυναῖκας</em></strong></span> <span class='ocrx_word' id='word_1_75' title='bbox 877 1197 910 1258; x_wconf 83' lang='grc' dir='ltr'><strong><em>έν</em></strong></span> <span class='ocrx_word' id='word_1_76' title='bbox 927 1195 1029 1278; x_wconf 83' lang='grc' dir='ltr'><strong><em>γαστρί</em></strong></span> <span class='ocrx_word' id='word_1_77' title='bbox 1052 1197 1136 1277; x_wconf 85' lang='grc' dir='ltr'><strong><em>έχού-</em></strong></span> 
     </span>
     <span class='ocr_line' id='line_1_11' title="bbox 121 1291 1177 1373; baseline 0 -20"><span class='ocrx_word' id='word_1_78' title='bbox 121 1312 176 1367; x_wconf 90' lang='grc' dir='ltr'><strong><em>σας</em></strong></span> <span class='ocrx_word' id='word_1_79' title='bbox 203 1293 356 1373; x_wconf 84' lang='grc' dir='ltr'><strong><em>ἀνατεμὼυ</em></strong></span> <span class='ocrx_word' id='word_1_80' title='bbox 386 1293 435 1354; x_wconf 87' lang='grc' dir='ltr'><strong><em>καί</em></strong></span> <span class='ocrx_word' id='word_1_81' title='bbox 462 1294 495 1355; x_wconf 84' lang='grc' dir='ltr'><strong><em>έν</em></strong></span> <span class='ocrx_word' id='word_1_82' title='bbox 517 1299 578 1366; x_wconf 85' lang='grc' dir='ltr'><strong><em>τοῖς</em></strong></span> <span class='ocrx_word' id='word_1_83' title='bbox 600 1293 741 1373; x_wconf 76' lang='grc' dir='ltr'><strong><em>ἐμβρύοις</em></strong></span> <span class='ocrx_word' id='word_1_84' title='bbox 763 1291 1064 1373; x_wconf 73' lang='grc' dir='ltr'><strong><em>ηπατοσκοπούμενος</em></strong></span> <span class='ocrx_word' id='word_1_85' title='bbox 1086 1294 1136 1355; x_wconf 88' lang='grc' dir='ltr'><strong><em>καλ</em></strong></span> <span class='ocrx_word' id='word_1_86' title='bbox 1151 1315 1177 1354; x_wconf 82' lang='grc' dir='ltr'><strong><em>το</em></strong></span> 
     </span>
     <span class='ocr_line' id='line_1_12' title="bbox 121 1389 1137 1473; baseline -0.001 -21"><span class='ocrx_word' id='word_1_87' title='bbox 121 1391 214 1452; x_wconf 79' lang='grc' dir='ltr'><strong><em>πολλὰ</em></strong></span> <span class='ocrx_word' id='word_1_88' title='bbox 237 1392 342 1452; x_wconf 89' lang='grc' dir='ltr'><strong><em>παιδία</em></strong></span> <span class='ocrx_word' id='word_1_89' title='bbox 365 1392 553 1469; x_wconf 77' lang='grc' dir='ltr'><strong><em>κατασφάξας</em></strong></span> <span class='ocrx_word' id='word_1_90' title='bbox 576 1389 635 1452; x_wconf 84' lang='grc' dir='ltr'><strong><em>ύπδ</em></strong></span> <span class='ocrx_word' id='word_1_91' title='bbox 658 1390 693 1451; x_wconf 88' lang='grc' dir='ltr'><strong><em>τά</em></strong></span> <span class='ocrx_word' id='word_1_92' title='bbox 715 1392 821 1453; x_wconf 79' lang='grc' dir='ltr'><strong><em>εἴδωλα</em></strong></span> <span class='ocrx_word' id='word_1_93' title='bbox 843 1392 1010 1473; x_wconf 85' lang='grc' dir='ltr'><strong><em>κατώρυξεν</em></strong></span> <span class='ocrx_word' id='word_1_94' title='bbox 1031 1389 1049 1451; x_wconf 85' lang='grc' dir='ltr'><strong><em>δ</em></strong></span> <span class='ocrx_word' id='word_1_95' title='bbox 1069 1397 1137 1469; x_wconf 92' lang='grc' dir='ltr'><strong><em>φιλ-</em></strong></span> 
     </span>
     <span class='ocr_line' id='line_1_13' title="bbox 121 1483 1138 1571; baseline -0.001 -21"><span class='ocrx_word' id='word_1_96' title='bbox 121 1491 242 1563; x_wconf 88' lang='grc' dir='ltr'><strong><em>είδωλος</em></strong></span> <span class='ocrx_word' id='word_1_97' title='bbox 264 1489 457 1562; x_wconf 86' lang='grc' dir='ltr'><strong><em>Είδωλιανός.</em></strong></span> <span class='ocrx_word' id='word_1_98' title='bbox 503 1483 615 1568; x_wconf 76' lang='grc' dir='ltr'><strong><em>πολλὴν</em></strong></span> <span class='ocrx_word' id='word_1_99' title='bbox 639 1488 672 1550; x_wconf 83' lang='grc' dir='ltr'><strong><em>δέ</em></strong></span> <span class='ocrx_word' id='word_1_100' title='bbox 698 1489 749 1550; x_wconf 89' lang='grc' dir='ltr'><strong><em>καλ</em></strong></span> <span class='ocrx_word' id='word_1_101' title='bbox 771 1487 863 1569; x_wconf 84' lang='grc' dir='ltr'><strong><em>ἀλλην</em></strong></span> <span class='ocrx_word' id='word_1_102' title='bbox 885 1489 1007 1571; x_wconf 75' lang='grc' dir='ltr'><strong><em>λογικὴν</em></strong></span> <span class='ocrx_word' id='word_1_103' title='bbox 1029 1487 1138 1571; x_wconf 80' lang='grc' dir='ltr'><strong><em>ἀγέλην</em></strong></span> 
     </span>
     <span class='ocr_line' id='line_1_14' title="bbox 122 1583 1138 1668; baseline -0.001 -19"><span class='ocrx_word' id='word_1_104' title='bbox 122 1588 156 1649; x_wconf 87' lang='grc' dir='ltr'><strong><em>έκ</em></strong></span> <span class='ocrx_word' id='word_1_105' title='bbox 182 1589 325 1649; x_wconf 89' lang='grc' dir='ltr'><strong><em>ποικίλων</em></strong></span> <span class='ocrx_word' id='word_1_106' title='bbox 352 1585 476 1667; x_wconf 74' lang='grc' dir='ltr'><strong><em>ἡλικιῶν</em></strong></span> <span class='ocrx_word' id='word_1_107' title='bbox 504 1587 660 1668; x_wconf 78' lang='grc' dir='ltr'><strong><em>διαφόροις</em></strong></span> <span class='ocrx_word' id='word_1_108' title='bbox 682 1587 809 1667; x_wconf 83' lang='grc' dir='ltr'><strong><em>ὑπέβαλε</em></strong></span> <span class='ocrx_word' id='word_1_109' title='bbox 832 1587 976 1661; x_wconf 79' lang='grc' dir='ltr'><strong><em>θανάτοις</em></strong></span> <span class='ocrx_word' id='word_1_110' title='bbox 1001 1583 1048 1649; x_wconf 75' lang='grc' dir='ltr'><strong><em>ἐπ’</em></strong></span> <span class='ocrx_word' id='word_1_111' title='bbox 1069 1584 1138 1648; x_wconf 87' lang='grc' dir='ltr'><strong><em>ὀνό-</em></strong></span> 
     </span>
     <span class='ocr_line' id='line_1_15' title="bbox 122 1685 1138 1766; baseline 0.002 -20"><span class='ocrx_word' id='word_1_112' title='bbox 122 1708 191 1765; x_wconf 89' lang='grc' dir='ltr'><strong><em>ματι</em></strong></span> <span class='ocrx_word' id='word_1_113' title='bbox 214 1687 404 1759; x_wconf 89' lang='grc' dir='ltr'><strong><em>Ποσειδῶνος</em></strong></span> <span class='ocrx_word' id='word_1_114' title='bbox 432 1685 482 1747; x_wconf 81' lang='grc' dir='ltr'><strong><em>καί</em></strong></span> <span class='ocrx_word' id='word_1_115' title='bbox 505 1696 564 1747; x_wconf 90' lang='grc' dir='ltr'><strong><em>τῶν</em></strong></span> <span class='ocrx_word' id='word_1_116' title='bbox 587 1691 698 1747; x_wconf 91' lang='grc' dir='ltr'><strong><em>λοιπῶν</em></strong></span> <span class='ocrx_word' id='word_1_117' title='bbox 722 1687 874 1766; x_wconf 83' lang='grc' dir='ltr'><strong><em>δαιμόνων</em></strong></span> <span class='ocrx_word' id='word_1_118' title='bbox 896 1686 912 1748; x_wconf 90' lang='grc' dir='ltr'><strong><em>δ</em></strong></span> <span class='ocrx_word' id='word_1_119' title='bbox 936 1687 1138 1766; x_wconf 83' lang='grc' dir='ltr'><strong><em>δαιμονιώδης</em></strong></span> 
     </span>
     <span class='ocr_line' id='line_1_16' title="bbox 122 1781 1177 1864; baseline -0.001 -20"><span class='ocrx_word' id='word_1_120' title='bbox 122 1782 174 1844; x_wconf 84' lang='grc' dir='ltr'><strong><em>καὶ</em></strong></span> <span class='ocrx_word' id='word_1_121' title='bbox 197 1784 385 1863; x_wconf 87' lang='grc' dir='ltr'><strong><em>θεομίσητος,</em></strong></span> <span class='ocrx_word' id='word_1_122' title='bbox 409 1783 445 1845; x_wconf 89' lang='grc' dir='ltr'><strong><em>ού</em></strong></span> <span class='ocrx_word' id='word_1_123' title='bbox 469 1783 529 1864; x_wconf 77' lang='grc' dir='ltr'><strong><em>μὴν</em></strong></span> <span class='ocrx_word' id='word_1_124' title='bbox 553 1781 584 1845; x_wconf 85' lang='grc' dir='ltr'><strong><em>δέ</em></strong></span> <span class='ocrx_word' id='word_1_125' title='bbox 607 1783 680 1844; x_wconf 86' lang='grc' dir='ltr'><strong><em>ἀλλά</em></strong></span> <span class='ocrx_word' id='word_1_126' title='bbox 700 1783 751 1845; x_wconf 89' lang='grc' dir='ltr'><strong><em>καλ</em></strong></span> <span class='ocrx_word' id='word_1_127' title='bbox 769 1785 880 1858; x_wconf 85' lang='grc' dir='ltr'><strong><em>ίππους</em></strong></span> <span class='ocrx_word' id='word_1_128' title='bbox 899 1786 1022 1858; x_wconf 87' lang='grc' dir='ltr'><strong><em>λευκούς</em></strong></span> <span class='ocrx_word' id='word_1_129' title='bbox 1040 1808 1070 1845; x_wconf 90' lang='grc' dir='ltr'><strong><em>τε</em></strong></span> <span class='ocrx_word' id='word_1_130' title='bbox 1088 1783 1137 1845; x_wconf 84' lang='grc' dir='ltr'><strong><em>καὶ</em></strong></span> <span class='ocrx_word' id='word_1_131' title='bbox 1152 1804 1177 1843; x_wconf 81' lang='lat'><strong><em>15</em></strong></span> 
     </span>
     <span class='ocr_line' id='line_1_17' title="bbox 123 1879 1138 1967; baseline 0 -25"><span class='ocrx_word' id='word_1_132' title='bbox 123 1880 240 1964; x_wconf 82' lang='grc' dir='ltr'><strong><em>πυρούς</em></strong></span> <span class='ocrx_word' id='word_1_133' title='bbox 262 1881 363 1961; x_wconf 75' lang='grc' dir='ltr'><strong><em>ἔθυεν,</em></strong></span> <span class='ocrx_word' id='word_1_134' title='bbox 386 1881 456 1955; x_wconf 82' lang='grc' dir='ltr'><strong><em>τούς</em></strong></span> <span class='ocrx_word' id='word_1_135' title='bbox 475 1879 528 1961; x_wconf 81' lang='grc' dir='ltr'><strong><em>μέν</em></strong></span> <span class='ocrx_word' id='word_1_136' title='bbox 549 1889 587 1967; x_wconf 78' lang='grc' dir='ltr'><strong><em>τῷ</em></strong></span> <span class='ocrx_word' id='word_1_137' title='bbox 603 1880 688 1966; x_wconf 79' lang='grc' dir='ltr'><strong><em>ἡλίῳ,</em></strong></span> <span class='ocrx_word' id='word_1_138' title='bbox 710 1882 780 1955; x_wconf 81' lang='grc' dir='ltr'><strong><em>τοὺς</em></strong></span> <span class='ocrx_word' id='word_1_139' title='bbox 803 1881 835 1944; x_wconf 82' lang='grc' dir='ltr'><strong><em>δέ</em></strong></span> <span class='ocrx_word' id='word_1_140' title='bbox 853 1889 892 1966; x_wconf 79' lang='grc' dir='ltr'><strong><em>τῷ</em></strong></span> <span class='ocrx_word' id='word_1_141' title='bbox 907 1881 981 1964; x_wconf 85' lang='grc' dir='ltr'><strong><em>πυρὶ</em></strong></span> <span class='ocrx_word' id='word_1_142' title='bbox 1004 1881 1054 1943; x_wconf 87' lang='grc' dir='ltr'><strong><em>καί</em></strong></span> <span class='ocrx_word' id='word_1_143' title='bbox 1076 1888 1138 1954; x_wconf 87' lang='grc' dir='ltr'><strong><em>τοῖς</em></strong></span> 
     </span>
     <span class='ocr_line' id='line_1_18' title="bbox 124 1978 1138 2062; baseline -0.001 -23"><span class='ocrx_word' id='word_1_144' title='bbox 124 1979 254 2059; x_wconf 89' lang='grc' dir='ltr'><strong><em>ἀνέμοις,</em></strong></span> <span class='ocrx_word' id='word_1_145' title='bbox 277 1978 327 2040; x_wconf 84' lang='grc' dir='ltr'><strong><em>καί</em></strong></span> <span class='ocrx_word' id='word_1_146' title='bbox 350 1979 424 2062; x_wconf 88' lang='grc' dir='ltr'><strong><em>πρὸς</em></strong></span> <span class='ocrx_word' id='word_1_147' title='bbox 446 1981 561 2054; x_wconf 83' lang='grc' dir='ltr'><strong><em>τούτοις</em></strong></span> <span class='ocrx_word' id='word_1_148' title='bbox 584 1981 677 2054; x_wconf 88' lang='grc' dir='ltr'><strong><em>κύνας</em></strong></span> <span class='ocrx_word' id='word_1_149' title='bbox 699 1979 749 2041; x_wconf 84' lang='grc' dir='ltr'><strong><em>καί</em></strong></span> <span class='ocrx_word' id='word_1_150' title='bbox 771 1980 924 2059; x_wconf 76' lang='grc' dir='ltr'><strong><em>πιθήκους</em></strong></span> <span class='ocrx_word' id='word_1_151' title='bbox 941 1978 991 2040; x_wconf 84' lang='grc' dir='ltr'><strong><em>καί</em></strong></span> <span class='ocrx_word' id='word_1_152' title='bbox 1009 1980 1138 2061; x_wconf 88' lang='grc' dir='ltr'><strong><em>κόρακας</em></strong></span> 
     </span>
     <span class='ocr_line' id='line_1_19' title="bbox 122 2072 1139 2160; baseline -0.001 -23"><span class='ocrx_word' id='word_1_153' title='bbox 122 2077 173 2138; x_wconf 84' lang='grc' dir='ltr'><strong><em>καλ</em></strong></span> <span class='ocrx_word' id='word_1_154' title='bbox 200 2087 261 2137; x_wconf 84' lang='grc' dir='ltr'><strong><em>πᾶν</em></strong></span> <span class='ocrx_word' id='word_1_155' title='bbox 288 2079 392 2157; x_wconf 89' lang='grc' dir='ltr'><strong><em>σχεδὸν</em></strong></span> <span class='ocrx_word' id='word_1_156' title='bbox 419 2077 547 2159; x_wconf 87' lang='grc' dir='ltr'><strong><em>έρπετῶν</em></strong></span> <span class='ocrx_word' id='word_1_157' title='bbox 575 2072 653 2152; x_wconf 78' lang='grc' dir='ltr'><strong><em>εἶδος</em></strong></span> <span class='ocrx_word' id='word_1_158' title='bbox 682 2078 732 2139; x_wconf 86' lang='grc' dir='ltr'><strong><em>καί</em></strong></span> <span class='ocrx_word' id='word_1_159' title='bbox 760 2079 946 2160; x_wconf 85' lang='grc' dir='ltr'><strong><em>τετραπόδων</em></strong></span> <span class='ocrx_word' id='word_1_160' title='bbox 969 2078 1087 2157; x_wconf 85' lang='grc' dir='ltr'><strong><em>θηρίων</em></strong></span> <span class='ocrx_word' id='word_1_161' title='bbox 1109 2100 1139 2137; x_wconf 90' lang='grc' dir='ltr'><strong><em>τε</em></strong></span> 
     </span>
     <span class='ocr_line' id='line_1_20' title="bbox 123 2173 1139 2254; baseline -0.002 -18"><span class='ocrx_word' id='word_1_162' title='bbox 123 2174 173 2236; x_wconf 86' lang='grc' dir='ltr'><strong><em>καλ</em></strong></span> <span class='ocrx_word' id='word_1_163' title='bbox 200 2185 260 2236; x_wconf 90' lang='grc' dir='ltr'><strong><em>τῶν</em></strong></span> <span class='ocrx_word' id='word_1_164' title='bbox 286 2173 383 2237; x_wconf 79' lang='grc' dir='ltr'><strong><em>ἀλλων</em></strong></span> <span class='ocrx_word' id='word_1_165' title='bbox 408 2186 530 2254; x_wconf 89' lang='grc' dir='ltr'><strong><em>πτηνῶν</em></strong></span> <span class='ocrx_word' id='word_1_166' title='bbox 553 2175 602 2237; x_wconf 86' lang='grc' dir='ltr'><strong><em>καί</em></strong></span> <span class='ocrx_word' id='word_1_167' title='bbox 626 2186 743 2254; x_wconf 88' lang='grc' dir='ltr'><strong><em>νηκτῶν</em></strong></span> <span class='ocrx_word' id='word_1_168' title='bbox 766 2175 803 2236; x_wconf 89' lang='grc' dir='ltr'><strong><em>ού</em></strong></span> <span class='ocrx_word' id='word_1_169' title='bbox 827 2173 949 2236; x_wconf 75' lang='grc' dir='ltr'><strong><em>διέλειπε</em></strong></span> <span class='ocrx_word' id='word_1_170' title='bbox 972 2175 1139 2253; x_wconf 89' lang='grc' dir='ltr'><strong><em>κατασφάτ-</em></strong></span> 
     </span>
     <span class='ocr_line' id='line_1_21' title="bbox 123 2272 1180 2356; baseline -0.002 -23"><span class='ocrx_word' id='word_1_171' title='bbox 123 2296 184 2334; x_wconf 84' lang='grc' dir='ltr'><strong><em>των</em></strong></span> <span class='ocrx_word' id='word_1_172' title='bbox 206 2272 256 2333; x_wconf 85' lang='grc' dir='ltr'><strong><em>καλ</em></strong></span> <span class='ocrx_word' id='word_1_173' title='bbox 278 2273 391 2347; x_wconf 81' lang='grc' dir='ltr'><strong><em>τελετάς</em></strong></span> <span class='ocrx_word' id='word_1_174' title='bbox 413 2275 556 2347; x_wconf 92' lang='grc' dir='ltr'><strong><em>παντοίας</em></strong></span> <span class='ocrx_word' id='word_1_175' title='bbox 578 2274 717 2355; x_wconf 74' lang='grc' dir='ltr'><strong><em>ἐπινοῶν,</em></strong></span> <span class='ocrx_word' id='word_1_176' title='bbox 739 2275 858 2346; x_wconf 90' lang='grc' dir='ltr'><strong><em>πλείους</em></strong></span> <span class='ocrx_word' id='word_1_177' title='bbox 877 2272 926 2334; x_wconf 85' lang='grc' dir='ltr'><strong><em>καί</em></strong></span> <span class='ocrx_word' id='word_1_178' title='bbox 946 2275 1062 2356; x_wconf 88' lang='grc' dir='ltr'><strong><em>χείρους</em></strong></span> <span class='ocrx_word' id='word_1_179' title='bbox 1080 2283 1139 2334; x_wconf 91' lang='grc' dir='ltr'><strong><em>τῶν</em></strong></span> <span class='ocrx_word' id='word_1_180' title='bbox 1154 2292 1180 2331; x_wconf 78' lang='grc' dir='ltr'><strong><em>ιο</em></strong></span> 
     </span>
     <span class='ocr_line' id='line_1_22' title="bbox 125 2366 1240 2454; baseline -0.001 -22"><span class='ocrx_word' id='word_1_181' title='bbox 125 2366 196 2452; x_wconf 86' lang='grc' dir='ltr'><strong><em>παρ’</em></strong></span> <span class='ocrx_word' id='word_1_182' title='bbox 210 2366 333 2450; x_wconf 86' lang='grc' dir='ltr'><strong><em>Ἕλλησι</em></strong></span> <span class='ocrx_word' id='word_1_183' title='bbox 356 2371 576 2451; x_wconf 85' lang='grc' dir='ltr'><strong><em>νενομισμένων</em></strong></span> <span class='ocrx_word' id='word_1_184' title='bbox 597 2373 673 2454; x_wconf 88' lang='grc' dir='ltr'><strong><em>πρὸς</em></strong></span> <span class='ocrx_word' id='word_1_185' title='bbox 695 2373 727 2434; x_wconf 89' lang='grc' dir='ltr'><strong><em>τὸ</em></strong></span> <span class='ocrx_word' id='word_1_186' title='bbox 750 2371 863 2445; x_wconf 86' lang='grc' dir='ltr'><strong><em>πάντας</em></strong></span> <span class='ocrx_word' id='word_1_187' title='bbox 883 2371 953 2445; x_wconf 82' lang='grc' dir='ltr'><strong><em>τούς</em></strong></span> <span class='ocrx_word' id='word_1_188' title='bbox 971 2372 1028 2452; x_wconf 89' lang='grc' dir='ltr'><strong><em>πρὸ</em></strong></span> <span class='ocrx_word' id='word_1_189' title='bbox 1048 2371 1140 2432; x_wconf 82' lang='grc' dir='ltr'><strong><em>αὐτοῦ</em></strong></span> <span class='ocrx_word' id='word_1_190' title='bbox 1153 2383 1192 2423; x_wconf 77' lang='lat'><strong><em>461</em></strong></span> <span class='ocrx_word' id='word_1_191' title='bbox 1207 2381 1240 2422; x_wconf 80' lang='lat' dir='ltr'><strong><em>M-</em></strong></span> 
     </span>
     <span class='ocr_line' id='line_1_23' title="bbox 124 2467 1140 2552; baseline 0 -22"><span class='ocrx_word' id='word_1_192' title='bbox 124 2469 331 2547; x_wconf 87' lang='grc' dir='ltr'><strong><em>έλληνίσαντας</em></strong></span> <span class='ocrx_word' id='word_1_193' title='bbox 358 2468 600 2552; x_wconf 83' lang='grc' dir='ltr'><strong><em>ύπερακουτίσαι,</em></strong></span> <span class='ocrx_word' id='word_1_194' title='bbox 628 2469 677 2529; x_wconf 82' lang='grc' dir='ltr'><strong><em>διὰ</em></strong></span> <span class='ocrx_word' id='word_1_195' title='bbox 705 2479 763 2531; x_wconf 85' lang='grc' dir='ltr'><strong><em>τῶν</em></strong></span> <span class='ocrx_word' id='word_1_196' title='bbox 790 2469 932 2530; x_wconf 88' lang='grc' dir='ltr'><strong><em>τοιούτων</em></strong></span> <span class='ocrx_word' id='word_1_197' title='bbox 961 2467 1095 2548; x_wconf 89' lang='grc' dir='ltr'><strong><em>οίόμευος</em></strong></span> <span class='ocrx_word' id='word_1_198' title='bbox 1123 2467 1140 2530; x_wconf 88' lang='grc' dir='ltr'><strong><em>δ</em></strong></span> 
     </span>
     <span class='ocr_line' id='line_1_24' title="bbox 124 2564 1140 2647; baseline -0.001 -20"><span class='ocrx_word' id='word_1_199' title='bbox 124 2564 216 2640; x_wconf 88' lang='grc' dir='ltr'><strong><em>ἀθεος</em></strong></span> <span class='ocrx_word' id='word_1_200' title='bbox 247 2565 466 2647; x_wconf 73' lang='grc' dir='ltr'><strong><em>ἀποθεωθῆναι</em></strong></span> <span class='ocrx_word' id='word_1_201' title='bbox 496 2566 546 2628; x_wconf 84' lang='grc' dir='ltr'><strong><em>καί</em></strong></span> <span class='ocrx_word' id='word_1_202' title='bbox 578 2566 649 2641; x_wconf 84' lang='grc' dir='ltr'><strong><em>θεὸς</em></strong></span> <span class='ocrx_word' id='word_1_203' title='bbox 681 2572 873 2647; x_wconf 80' lang='grc' dir='ltr'><strong><em>νομισθῆναι.</em></strong></span> <span class='ocrx_word' id='word_1_204' title='bbox 928 2575 1049 2628; x_wconf 83' lang='grc' dir='ltr'><strong><em>τοιαῦτα</em></strong></span> <span class='ocrx_word' id='word_1_205' title='bbox 1081 2575 1140 2627; x_wconf 92' lang='grc' dir='ltr'><strong><em>τῶν</em></strong></span> 
     </span>
     <span class='ocr_line' id='line_1_25' title="bbox 124 2663 1141 2746; baseline -0.003 -20"><span class='ocrx_word' id='word_1_206' title='bbox 124 2665 311 2743; x_wconf 79' lang='grc' dir='ltr'><strong><em>δυσωνύμου</em></strong></span> <span class='ocrx_word' id='word_1_207' title='bbox 338 2671 421 2727; x_wconf 89' lang='grc' dir='ltr'><strong><em>θεῶν</em></strong></span> <span class='ocrx_word' id='word_1_208' title='bbox 448 2665 498 2726; x_wconf 85' lang='grc' dir='ltr'><strong><em>καί</em></strong></span> <span class='ocrx_word' id='word_1_209' title='bbox 526 2666 678 2745; x_wconf 90' lang='grc' dir='ltr'><strong><em>δαιμόνων</em></strong></span> <span class='ocrx_word' id='word_1_210' title='bbox 701 2664 880 2746; x_wconf 82' lang='grc' dir='ltr'><strong><em>ἀκαθάρτων</em></strong></span> <span class='ocrx_word' id='word_1_211' title='bbox 902 2663 937 2725; x_wconf 83' lang='grc' dir='ltr'><strong><em>τὰ</em></strong></span> <span class='ocrx_word' id='word_1_212' title='bbox 960 2663 1141 2745; x_wconf 77' lang='grc' dir='ltr'><strong><em>ἐπιτάγματα</em></strong></span> 
     </span>
     <span class='ocr_line' id='line_1_26' title="bbox 124 2761 1180 2844; baseline 0.002 -22"><span class='ocrx_word' id='word_1_213' title='bbox 124 2761 174 2822; x_wconf 79' lang='grc' dir='ltr'><strong><em>καὶ</em></strong></span> <span class='ocrx_word' id='word_1_214' title='bbox 202 2763 390 2842; x_wconf 89' lang='grc' dir='ltr'><strong><em>μαντεύματα</em></strong></span> <span class='ocrx_word' id='word_1_215' title='bbox 418 2763 468 2824; x_wconf 85' lang='grc' dir='ltr'><strong><em>καὶ</em></strong></span> <span class='ocrx_word' id='word_1_216' title='bbox 495 2773 615 2824; x_wconf 81' lang='grc' dir='ltr'><strong><em>τοιαῦτα</em></strong></span> <span class='ocrx_word' id='word_1_217' title='bbox 637 2773 691 2825; x_wconf 83' lang='grc' dir='ltr'><strong><em>τοῦ</em></strong></span> <span class='ocrx_word' id='word_1_218' title='bbox 715 2763 934 2844; x_wconf 87' lang='grc' dir='ltr'><strong><em>ματαιόφρονος</em></strong></span> <span class='ocrx_word' id='word_1_219' title='bbox 956 2762 1006 2824; x_wconf 83' lang='grc' dir='ltr'><strong><em>καλ</em></strong></span> <span class='ocrx_word' id='word_1_220' title='bbox 1029 2763 1139 2841; x_wconf 90' lang='grc' dir='ltr'><strong><em>θεηλά-</em></strong></span> <span class='ocrx_word' id='word_1_221' title='bbox 1153 2784 1180 2824; x_wconf 74' lang='grc' dir='ltr'><strong><em>ιο</em></strong></span> 
     </span>
    </p>
   </div>
   <div class='ocr_carea' id='block_1_3' title="bbox 124 2968 1141 3468">
    <p class='ocr_par' dir='ltr' id='par_1_3' title="bbox 124 2968 1141 3468">
     <span class='ocr_line' id='line_1_27' title="bbox 197 2968 1139 3040; baseline -0.001 -18"><span class='ocrx_word' id='word_1_222' title='bbox 197 2968 425 3039; x_wconf 85' lang='grc' dir='ltr'><strong><em>4κρεμμάμενον</em></strong></span> <span class='ocrx_word' id='word_1_223' title='bbox 443 2970 542 3025; x_wconf 85' lang='lat' dir='ltr'><strong>BFLV</strong></span> <span class='ocrx_word' id='word_1_224' title='bbox 565 2972 741 3040; x_wconf 82' lang='grc' dir='ltr'><strong><em>κρεμάμενον</em></strong></span> <span class='ocrx_word' id='word_1_225' title='bbox 764 2969 794 3024; x_wconf 91' lang='grc' dir='ltr'><strong><em>Ρ.</em></strong></span> <span class='ocrx_word' id='word_1_226' title='bbox 818 3002 852 3010; x_wconf 94' lang='grc'>-</span> <span class='ocrx_word' id='word_1_227' title='bbox 876 2970 924 3023; x_wconf 83' lang='grc' dir='ltr'><strong><em>καί</em></strong></span> <span class='ocrx_word' id='word_1_228' title='bbox 947 2986 997 3023; x_wconf 78' lang='grc' dir='ltr'><strong><em>ουτ.</em></strong></span> <span class='ocrx_word' id='word_1_229' title='bbox 1018 2968 1080 3022; x_wconf 87' lang='lat' dir='ltr'><strong><em>NP.</em></strong></span> <span class='ocrx_word' id='word_1_230' title='bbox 1105 3000 1139 3008; x_wconf 92' lang='lat'>-</span> 
     </span>
     <span class='ocr_line' id='line_1_28' title="bbox 125 3036 1139 3111; baseline -0.004 -16"><span class='ocrx_word' id='word_1_231' title='bbox 125 3040 327 3111; x_wconf 83' lang='grc' dir='ltr'><strong><em>έκτεταμμένον</em></strong></span> <span class='ocrx_word' id='word_1_232' title='bbox 346 3040 394 3096; x_wconf 79' lang='lat' dir='ltr'><strong><em>LV</em></strong></span> <span class='ocrx_word' id='word_1_233' title='bbox 417 3041 598 3111; x_wconf 80' lang='grc' dir='ltr'><strong><em>ἐκτεταμένως</em></strong></span> <span class='ocrx_word' id='word_1_234' title='bbox 616 3040 766 3111; x_wconf 85' lang='grc' dir='ltr'><strong><em>(-αμμένας</em></strong></span> <span class='ocrx_word' id='word_1_235' title='bbox 783 3041 817 3110; x_wconf 83' lang='grc' dir='ltr'><strong><em>Β)</em></strong></span> <span class='ocrx_word' id='word_1_236' title='bbox 835 3040 923 3094; x_wconf 84' lang='lat' dir='ltr'><strong>BFM.</strong></span> <span class='ocrx_word' id='word_1_237' title='bbox 944 3072 977 3081; x_wconf 89' lang='lat'><strong><em>—-</em></strong></span> <span class='ocrx_word' id='word_1_238' title='bbox 999 3045 1030 3093; x_wconf 95' lang='lat'><strong><em>11</em></strong></span> <span class='ocrx_word' id='word_1_239' title='bbox 1051 3036 1139 3107; x_wconf 77' lang='grc' dir='ltr'><strong><em>φιλεό-</em></strong></span> 
     </span>
     <span class='ocr_line' id='line_1_29' title="bbox 125 3105 1140 3182; baseline -0.004 -14"><span class='ocrx_word' id='word_1_240' title='bbox 125 3117 210 3174; x_wconf 87' lang='grc' dir='ltr'><strong><em>δυνος</em></strong></span> <span class='ocrx_word' id='word_1_241' title='bbox 227 3112 249 3165; x_wconf 86' lang='lat' dir='ltr'>L</span> <span class='ocrx_word' id='word_1_242' title='bbox 273 3112 425 3181; x_wconf 79' lang='grc' dir='ltr'><strong><em>φιλήδονος</em></strong></span> <span class='ocrx_word' id='word_1_243' title='bbox 443 3113 503 3166; x_wconf 76' lang='lat' dir='ltr'><strong><em>BR.</em></strong></span> <span class='ocrx_word' id='word_1_244' title='bbox 527 3145 562 3152; x_wconf 98' lang='lat'><em>-</em></span> <span class='ocrx_word' id='word_1_245' title='bbox 587 3119 620 3167; x_wconf 88' lang='grc'><strong><em>16</em></strong></span> <span class='ocrx_word' id='word_1_246' title='bbox 639 3114 764 3182; x_wconf 78' lang='grc' dir='ltr'><strong><em>πυρροὺς</em></strong></span> <span class='ocrx_word' id='word_1_247' title='bbox 781 3111 921 3165; x_wconf 81' lang='lat' dir='ltr'>AELMV.</span> <span class='ocrx_word' id='word_1_248' title='bbox 941 3142 975 3150; x_wconf 91' lang='lat'>—</span> <span class='ocrx_word' id='word_1_249' title='bbox 1000 3115 1033 3164; x_wconf 89' lang='lat'><strong><em>18</em></strong></span> <span class='ocrx_word' id='word_1_250' title='bbox 1052 3105 1140 3181; x_wconf 79' lang='grc' dir='ltr'><strong><em>εἶδος]</em></strong></span> 
     </span>
     <span class='ocr_line' id='line_1_30' title="bbox 125 3181 1140 3256; baseline -0.003 -17"><span class='ocrx_word' id='word_1_251' title='bbox 125 3183 207 3256; x_wconf 85' lang='grc' dir='ltr'><strong><em>γένος</em></strong></span> <span class='ocrx_word' id='word_1_252' title='bbox 228 3183 291 3238; x_wconf 87' lang='lat' dir='ltr'><strong><em>MV.</em></strong></span> <span class='ocrx_word' id='word_1_253' title='bbox 318 3216 352 3224; x_wconf 89' lang='lat'>—</span> <span class='ocrx_word' id='word_1_254' title='bbox 380 3189 413 3237; x_wconf 87' lang='grc'><strong><em>19</em></strong></span> <span class='ocrx_word' id='word_1_255' title='bbox 437 3182 543 3239; x_wconf 83' lang='grc' dir='ltr'><strong><em>διέλιπε</em></strong></span> <span class='ocrx_word' id='word_1_256' title='bbox 564 3183 690 3238; x_wconf 79' lang='lat' dir='ltr'><strong>BFLRV</strong></span> <span class='ocrx_word' id='word_1_257' title='bbox 718 3181 880 3252; x_wconf 88' lang='grc' dir='ltr'><strong><em>διελίμπανε</em></strong></span> <span class='ocrx_word' id='word_1_258' title='bbox 898 3182 927 3236; x_wconf 93' lang='grc' dir='ltr'><strong><em>Ρ.</em></strong></span> <span class='ocrx_word' id='word_1_259' title='bbox 952 3214 985 3222; x_wconf 88' lang='grc'><strong>-</strong></span> <span class='ocrx_word' id='word_1_260' title='bbox 1010 3187 1044 3234; x_wconf 82' lang='lat'><strong><em>20</em></strong></span> <span class='ocrx_word' id='word_1_261' title='bbox 1067 3201 1140 3236; x_wconf 92' lang='grc' dir='ltr'><strong><em>παν-</em></strong></span> 
     </span>
     <span class='ocr_line' id='line_1_31' title="bbox 124 3252 1140 3323; baseline -0.003 -14"><span class='ocrx_word' id='word_1_262' title='bbox 124 3253 220 3319; x_wconf 90' lang='grc' dir='ltr'><strong><em>τοίους</em></strong></span> <span class='ocrx_word' id='word_1_263' title='bbox 235 3255 290 3309; x_wconf 75' lang='lat' dir='ltr'><strong><em>AL.</em></strong></span> <span class='ocrx_word' id='word_1_264' title='bbox 306 3287 339 3296; x_wconf 88' lang='grc'><strong>-</strong></span> <span class='ocrx_word' id='word_1_265' title='bbox 359 3261 392 3308; x_wconf 81' lang='lat'><strong><em>21</em></strong></span> <span class='ocrx_word' id='word_1_266' title='bbox 412 3256 443 3309; x_wconf 86' lang='grc' dir='ltr'><strong><em>τὸ</em></strong></span> <span class='ocrx_word' id='word_1_267' title='bbox 462 3272 512 3310; x_wconf 84' lang='lat' dir='ltr'><strong><em>om.</em></strong></span> <span class='ocrx_word' id='word_1_268' title='bbox 528 3256 583 3310; x_wconf 88' lang='lat' dir='ltr'><strong><em>AB.</em></strong></span> <span class='ocrx_word' id='word_1_269' title='bbox 599 3287 633 3295; x_wconf 94' lang='lat'>-</span> <span class='ocrx_word' id='word_1_270' title='bbox 653 3261 687 3309; x_wconf 79' lang='lat'><strong><em>25</em></strong></span> <span class='ocrx_word' id='word_1_271' title='bbox 706 3252 916 3323; x_wconf 87' lang='grc' dir='ltr'><strong><em>ματαιόφρονος</em></strong></span> <span class='ocrx_word' id='word_1_272' title='bbox 934 3255 983 3308; x_wconf 81' lang='grc' dir='ltr'><strong><em>καί</em></strong></span> <span class='ocrx_word' id='word_1_273' title='bbox 997 3252 1140 3323; x_wconf 83' lang='grc' dir='ltr'><strong><em>θεηλάτου</em></strong></span> 
     </span>
     <span class='ocr_line' id='line_1_32' title="bbox 125 3324 1141 3396; baseline -0.003 -16"><span class='ocrx_word' id='word_1_274' title='bbox 125 3327 202 3380; x_wconf 89' lang='grc' dir='ltr'><strong><em>ΑΒΡ</em></strong></span> <span class='ocrx_word' id='word_1_275' title='bbox 225 3324 375 3396; x_wconf 90' lang='grc' dir='ltr'><strong><em>ματαιόφρ.</em></strong></span> <span class='ocrx_word' id='word_1_276' title='bbox 391 3327 439 3380; x_wconf 88' lang='grc' dir='ltr'><strong><em>καλ</em></strong></span> <span class='ocrx_word' id='word_1_277' title='bbox 459 3326 657 3381; x_wconf 68' lang='grc' dir='ltr'><strong><em>ἀποστάτουδ</em></strong></span> <span class='ocrx_word' id='word_1_278' title='bbox 681 3324 831 3395; x_wconf 88' lang='grc' dir='ltr'><strong><em>ματαιόφρ.</em></strong></span> <span class='ocrx_word' id='word_1_279' title='bbox 847 3325 895 3380; x_wconf 85' lang='grc' dir='ltr'><strong><em>καί</em></strong></span> <span class='ocrx_word' id='word_1_280' title='bbox 913 3324 1073 3379; x_wconf 84' lang='grc' dir='ltr'><strong><em>ἀποστάτου</em></strong></span> <span class='ocrx_word' id='word_1_281' title='bbox 1091 3325 1141 3380; x_wconf 85' lang='grc' dir='ltr'><strong><em>καλ</em></strong></span> 
     </span>
     <span class='ocr_line' id='line_1_33' title="bbox 125 3395 1069 3468; baseline -0.004 -16"><span class='ocrx_word' id='word_1_282' title='bbox 125 3397 267 3466; x_wconf 85' lang='grc' dir='ltr'><strong><em>θεηλάτου</em></strong></span> <span class='ocrx_word' id='word_1_283' title='bbox 287 3397 444 3452; x_wconf 75' lang='lat' dir='ltr'>OEGLNV</span> <span class='ocrx_word' id='word_1_284' title='bbox 467 3396 617 3468; x_wconf 88' lang='grc' dir='ltr'><strong><em>ματαιόφρ.</em></strong></span> <span class='ocrx_word' id='word_1_285' title='bbox 632 3397 681 3452; x_wconf 84' lang='grc' dir='ltr'><strong><em>καί</em></strong></span> <span class='ocrx_word' id='word_1_286' title='bbox 698 3400 776 3466; x_wconf 86' lang='grc' dir='ltr'><strong><em>θεηλ.</em></strong></span> <span class='ocrx_word' id='word_1_287' title='bbox 792 3397 841 3451; x_wconf 85' lang='grc' dir='ltr'><strong><em>καί</em></strong></span> <span class='ocrx_word' id='word_1_288' title='bbox 859 3396 1018 3452; x_wconf 87' lang='grc' dir='ltr'><strong><em>ἀποστάτον</em></strong></span> <span class='ocrx_word' id='word_1_289' title='bbox 1037 3395 1069 3448; x_wconf 78' lang='lat' dir='ltr'><strong><em>R.</em></strong></span> 
     </span>
    </p>
   </div>
   <div class='ocr_carea' id='block_1_4' title="bbox 126 3571 1144 3716">
    <p class='ocr_par' dir='ltr' id='par_1_4' title="bbox 126 3571 1144 3716">
     <span class='ocr_line' id='line_1_34' title="bbox 199 3571 1144 3644; baseline -0.005 -15"><span class='ocrx_word' id='word_1_290' title='bbox 199 3571 321 3644; x_wconf 81' lang='grc' dir='ltr'><strong><em>3ηδρον</em></strong></span> <span class='ocrx_word' id='word_1_291' title='bbox 339 3576 369 3630; x_wconf 91' lang='grc' dir='ltr'><strong><em>Ρ.</em></strong></span> <span class='ocrx_word' id='word_1_292' title='bbox 393 3609 427 3616; x_wconf 99' lang='grc'>-</span> <span class='ocrx_word' id='word_1_293' title='bbox 452 3581 485 3630; x_wconf 82' lang='lat'><strong><em>15</em></strong></span> <span class='ocrx_word' id='word_1_294' title='bbox 509 3577 557 3630; x_wconf 87' lang='grc' dir='ltr'><strong><em>κοιλ</em></strong></span> <span class='ocrx_word' id='word_1_295' title='bbox 578 3572 748 3644; x_wconf 76' lang='grc' dir='ltr'><strong><em>θεομίσητος</em></strong></span> <span class='ocrx_word' id='word_1_296' title='bbox 770 3590 820 3630; x_wconf 86' lang='lat' dir='ltr'><strong><em>om.</em></strong></span> <span class='ocrx_word' id='word_1_297' title='bbox 839 3574 870 3628; x_wconf 92' lang='lat' dir='ltr'><strong><em>P.</em></strong></span> <span class='ocrx_word' id='word_1_298' title='bbox 894 3607 927 3614; x_wconf 97' lang='lat'>-</span> <span class='ocrx_word' id='word_1_299' title='bbox 952 3579 986 3627; x_wconf 79' lang='lat'><strong><em>24</em></strong></span> <span class='ocrx_word' id='word_1_300' title='bbox 1005 3573 1055 3627; x_wconf 84' lang='grc' dir='ltr'><strong><em>καλ</em></strong></span> <span class='ocrx_word' id='word_1_301' title='bbox 1077 3574 1144 3625; x_wconf 86' lang='grc' dir='ltr'><strong><em>δαι-</em></strong></span> 
     </span>
     <span class='ocr_line' id='line_1_35' title="bbox 126 3645 526 3716; baseline -0.003 -16"><span class='ocrx_word' id='word_1_302' title='bbox 126 3645 220 3716; x_wconf 88' lang='grc' dir='ltr'><strong><em>μόνων</em></strong></span> <span class='ocrx_word' id='word_1_303' title='bbox 239 3648 412 3716; x_wconf 82' lang='grc' dir='ltr'><strong><em>ἀκαθάρτων</em></strong></span> <span class='ocrx_word' id='word_1_304' title='bbox 431 3664 481 3702; x_wconf 86' lang='lat' dir='ltr'><strong><em>om.</em></strong></span> <span class='ocrx_word' id='word_1_305' title='bbox 496 3647 526 3700; x_wconf 90' lang='grc' dir='ltr'><strong><em>Ρ.</em></strong></span> 
     </span>
    </p>
   </div>
   <div class='ocr_carea' id='block_1_5' title="bbox 0 0 1321 3909">
    <p class='ocr_par' dir='ltr' id='par_1_5' title="bbox 0 0 1321 3909">
     <span class='ocr_line' id='line_1_36' title="bbox 0 0 1321 3909; baseline 0 0"><span class='ocrx_word' id='word_1_306' title='bbox 0 0 1321 3909; x_wconf 95' lang='lat' dir='ltr'><strong><em> </em></strong></span> 
     </span>
    </p>
   </div>
  </div>
 </body>
</html>
