2617 3909
459 214 461 220 '
544 238 735 291 Χεοοωοοα
1076 219 1105 300 σί

34 408 37 415 ’
130 385 181 448 καί
204 384 244 461 ώς
266 386 298 449 έν
321 384 365 449 ένί
387 385 534 471 προσώπῳ
557 386 729 465 νοούμενος.
769 378 811 459 είς
832 383 888 469 γάρ
911 385 1013 467 ινύριος
1027 379 1142 465 Ἰησοῦς

130 486 271 567 Χριστός,
297 482 354 546 τάν
376 492 435 545 τῶν
458 484 578 562 φύσεων
600 481 620 563 ἡ
644 481 776 566 διαφορὰ
798 482 840 563 μὴ
862 481 1019 564 ἀγνοῆται,
1045 482 1075 557 έξ
1098 474 1142 544 ών

130 582 185 662 τὴν
210 581 378 665 ἀπόρρητον
405 580 511 644 ἕνωσίν
538 604 637 661 φαμεν
663 586 841 662 πεπρᾶχθαι.
886 588 1044 662 τοιγαροῦν
1071 576 1141 659 δμο-

115 675 273 763 Ιλογούμεν
295 677 347 741 τὸν
370 688 516 761 μονογενῆ
538 677 609 740 υίδν
634 688 688 741 τοῦ
711 684 787 739 θεοῦ
812 676 863 740 τιαλ
889 676 978 759 λύγον
999 676 1074 739 θεὸν
1097 676 1143 739 τὲ-,

130 784 209 841 λειον
230 776 280 839 ιιαλ
298 776 461 859 άνθρωπον
479 775 598 857 τέλειον,
621 775 654 838 έιι
672 785 774 857 ψυχῆς
791 781 911 858 λογινῖρς
929 773 980 836 καλ
994 775 1140 855 σώματος,
1167 795 1181 837 ε

128 875 186 961 πρὸ
208 874 328 938 αἰώνων
351 873 405 954 μέν
427 874 460 937 έιι
482 884 534 937 τοῦ
556 875 667 957 πατρὸς
688 872 873 956 γεννηθέντα
897 873 972 935 τατά
993 873 1049 953 τὴν
1070 873 1141 935 θεό-

127 997 213 1056 τητα,
240 968 286 1037 ἐπ’
307 972 435 1054 ἐσχάτων
458 970 490 1034 δὲ
513 981 572 1035 τῶν
594 970 713 1054 ἡμερῶν
735 971 787 1034 τδν
809 971 902 1035 αύτδν
925 964 967 1033 δι’
990 968 1068 1051 ἡμᾶς
1090 969 1140 1031 ιιαί

128 1072 179 1135 διὰ
200 1072 256 1152 τὴν
277 1068 421 1153 ἡμετέραν
444 1071 591 1151 σωτηρίαν
614 1070 647 1133 ἐν
669 1070 794 1152 Μαρίας
815 1078 869 1149 τῆς
890 1067 1045 1151 παρθένον
1067 1066 1141 1128 κατὰ

127 1171 183 1251 τὴν
205 1168 433 1252 ἀνθρωπύτητα,
456 1166 616 1248 δμοούσιον
633 1174 674 1253 τῷ
691 1166 781 1249 πατρί
801 1166 854 1228 τὸν
877 1166 969 1230 αύτδν
989 1165 1064 1229 κατὰ
1085 1164 1141 1245 τὴν
1154 1187 1194 1229 σεο
1206 1186 1238 1229 ι

128 1268 257 1348 θεύεητα
282 1266 333 1329 καί
353 1266 520 1347 ,δμοούσιον
544 1263 715 1346 ἡμῖνκατδι
735 1264 792 1345 τὴν
813 1263 1032 1347 ἀνθρωπύτητα
1084 1263 1140 1325 δύο
1154 1285 1180 1326 ιο

128 1366 185 1448 γὰρ
208 1365 328 1443 φύσεων
350 1363 455 1439 ἕνωσις
478 1363 612 1446 γέγονεν,
640 1363 715 1425 ὅθεν
741 1361 793 1425 ῖνα
814 1361 959 1443 Χριστόν,
985 1360 1039 1424 ένα
1062 1360 1140 1441 νίύν,

128 1462 182 1525 ἕνα
204 1462 308 1542 νύριον
336 1459 544 1543 ὁμολογοῖμεν.
589 1460 664 1521 ιιατδι
684 1460 796 1539 ταύτην
822 1452 879 1522 ούν
900 1469 953 1541 τῆς
974 1458 1141 1541 ἀσυγγύτου

127 1560 258 1633 ἕνώσεως
280 1559 399 1622 ἔννοιαν
422 1556 624 1640 ὁμολογοῦμεν
650 1559 706 1639 τὴν
730 1556 819 1640 άγίαν
839 1555 996 1641 παρθένον
1017 1555 1141 1637 ἀληθῶς

126 1656 271 1720 θεοτάαον
294 1656 345 1719 διά
366 1656 399 1718 τὸ
422 1657 474 1727 τὸν
493 1656 568 1718 θεὸν
590 1656 680 1737 λόγον
702 1662 896 1739 σαρνιωθῆναι
917 1655 969 1718 ιιαλ
986 1655 1138 1738 ένανθρω

100 1834 103 1841 Ι
126 1764 219 1837 πῖγσαι
245 1754 295 1816 καί
322 1754 352 1829 έξ
375 1754 467 1835 αὐτῆς
490 1755 665 1835 συλλήψεως
687 1753 795 1816 ένῖοοαι
821 1754 901 1838 αύτῷ
919 1754 972 1817 τὸν
993 1752 1024 1829 έξ
1046 1752 1139 1833 αύτῖγς
1152 1773 1181 1815 ισ

125 1852 281 1934 ληφθέντα
298 1852 380 1915 ναόν.
422 1852 472 1915 καί
497 1853 525 1915 εί
541 1853 627 1914 δοκεῖ
645 1852 799 1932 δεξώμεθα
820 1852 863 1926 είς
881 1852 1066 1934 παράδειγμα
1083 1850 1139 1930 τὴν

125 1945 197 2013 ποθ’
222 1948 301 2031 ἡμᾶς
336 1950 446 2025 αύτούς
477 1951 636 2030 σύνθεσιν,
672 1944 744 2011 καθ’
775 1950 814 2029 ἦν
850 1949 938 2029 έσμεν
973 1947 1138 2032 ἀνθρωποι.

125 2050 341 2130 συντεθείμεθα
363 2048 420 2131 γδιρ
448 2048 480 2111 έκ
501 2056 602 2129 ψυχῆς
624 2046 675 2108 καί
697 2047 845 2126 σώματος,
869 2045 920 2107 καί
942 2045 1056 2129 δρῶμεν
1079 2046 1138 2124 φύ-

126 2165 185 2222 σεις
210 2147 279 2227 δύο,
306 2145 407 2227 ἑτέραν
434 2143 488 2224 μὲν
514 2153 567 2206 τού
591 2144 739 2224 σώματος,
766 2142 867 2227 ἑτέραν
894 2142 927 2205 δέ
952 2152 1005 2223 τῆς
1025 2153 1136 2224 ψυχῆς,

119 2238 188 2309 ἀλλ’
209 2238 251 2318 είς
268 2242 299 2318 ἕξ
317 2241 433 2322 ἀμφοῖν
455 2236 527 2304 καθ’
547 2240 654 2303 ἕνωσιν
674 2238 845 2324 ἅνθρωπος.
889 2240 940 2302 καί
962 2238 1028 2321 ούγλ
1050 2239 1083 2302 τὸ
1105 2240 1138 2303 έν
1151 2261 1179 2303 ιο

126 2343 181 2403 δύο
200 2342 321 2419 φύσεων
339 2344 550 2401 συντεθεῖσθαι
572 2338 628 2400 δύο
649 2337 831 2422 ἀνθρώπους
854 2328 905 2400 τὸν
927 2337 980 2401 ἕνα
1000 2343 1138 2400 νοεῖσθαι

126 2438 353 2521 παρασκευάζει,
380 2432 443 2499 ἀλλ’
464 2435 517 2499 ἕνα
543 2436 595 2499 τδν
621 2433 787 2518 ἀνθρωπον
812 2435 887 2498 κατὰ
913 2436 1070 2517 σύνθεσιν,
1098 2433 1139 2510 ὡς

125 2536 218 2617 ἔφην,
245 2534 300 2615 τὴν
327 2534 360 2597 ἐκ
385 2544 486 2615 ψυχῆς
512 2533 563 2595 καί
590 2534 731 2614 σώματος.
776 2534 829 2597 έδιν
855 2532 912 2616 γάρ
934 2532 1083 2614 ἀνέλωμεν
1104 2534 1138 2597 τὸ

125 2635 170 2697 ὅτι
192 2634 225 2697 έιι
247 2634 303 2695 δύο
323 2632 373 2694 καί
392 2632 546 2716 διαφόρων
565 2633 687 2711 φύσεων
710 2631 726 2695 ὁ
748 2626 791 2707 εἷς
808 2631 859 2694 καί
876 2631 967 2712 μόνος
984 2631 1044 2694 έστλ
1062 2636 1137 2716 Χρι-

125 2732 192 2806 στὸς
214 2730 413 2807 ἀδιάσπαστος
430 2729 473 2793 ἀν
496 2729 567 2812 μετὰ
589 2729 644 2810 τὴν
662 2729 779 2812 ἕνωσιν,
801 2730 919 2814 έρούσιν
942 2731 975 2792 οἱ
994 2724 1034 2792 δι’
1050 2729 1136 2793 ἀναν-
1150 2748 1176 2791 εσ

124 2830 199 2903 τίως’
219 2830 247 2892 εί
259 2830 312 2909 μία
326 2830 417 2908 φύσις
430 2828 462 2892 τδ
477 2828 557 2910 ὅλον,
576 2838 639 2903 πῶς
652 2828 895 2910 ένηνθρώπησεν,
913 2826 1039 2909 ἣποίαν
1057 2827 1137 2889 ίδίαν
1201 2866 1203 2871 -

124 2926 281 3007 ἐποιήσατο
305 2927 412 3009 σάρκας
441 2925 510 3001 τούς
532 2925 564 2989 δὲ
587 2926 738 3009 λέγοντας,
764 2926 809 2989 ὅτι
830 2936 932 3009 κρᾶσις
954 2923 975 3006 ἢ
998 2926 1137 3007 σύγχυσις

123 3023 145 3105 ἢ
168 3024 286 3108 φυρμδς
314 3023 425 3106 ίγέυετο
452 3034 505 3087 τού
532 3031 608 3087 θεού
636 3025 726 3108 λύγου
750 3023 824 3107 πρὸς
846 3021 902 3102 τὴν
928 3024 1022 3106 σάρκα
1048 3046 1136 3084 ιιατα-

124 3123 254 3197 ξιωσάτω
277 3140 332 3185 σου
355 3119 375 3202 ἡ
399 3120 552 3202 θεοσέβεια
574 3122 731 3204 προδήλως
752 3121 954 3202 έπισνομίζειν.

196 3272 210 3320 1
231 3265 262 3323 έν
280 3283 330 3322 οπο.
345 3264 400 3320 AO.
420 3298 453 3307 -
473 3272 488 3319 λ
508 3267 651 3336 ἀγνοεῖται
669 3266 758 3321 ΑΜΡ.
777 3298 813 3307 -
832 3271 848 3319 4
866 3265 915 3320 παλ
932 3262 1016 3337 λύγον
1033 3264 1135 3320 ABPV

123 3338 172 3393 τιαλ
191 3354 240 3393 om.
255 3336 314 3393 roll.
336 3369 369 3377 -
389 3344 404 3392 9
424 3336 573 3408 ὁμοδύσιον
583 3370 617 3379 -
629 3343 663 3392 10
676 3336 799 3407 θεύτητα
812 3354 863 3393 om.
876 3353 947 3392 1000.
962 3336 1085 3406 quidam.
1101 3367 1134 3377 -

15 3438 17 3441 ·
126 3414 159 3464 10
177 3409 226 3463 καί
244 3407 657 3479 ὁμοούσιον-ἀνθρωπάτητα
673 3426 723 3465 om.
739 3408 797 3463 GR.
814 3441 847 3450 —
868 3414 900 3463 17
920 3408 1033 3480 αύτούς]
1047 3407 1136 3462 αὐτοῦ

125 3478 237 3534 GERV.
258 3512 291 3521 -
311 3486 345 3534 22
365 3480 436 3535 κατὰ
453 3479 505 3549 τὴν
524 3480 659 3535 σύνθεσιν
676 3480 735 3535 RV.
765 3518 768 3523 -

145 3660 147 3663 .
197 3616 231 3667 25
250 3612 446 3678 ἀδιασπάστως
463 3612 493 3667 P.
513 3646 546 3655 -
566 3619 600 3669 26
618 3613 670 3669 τὸν
688 3610 752 3669 ὅλον
770 3613 799 3668 Ρ.
