2617 3909
184 231 251 295 672
499 232 687 284 Γεαειιοε
704 231 887 284 Μούκιον

185 379 297 461 όπόταν
324 379 479 459 θελήσειεν
505 379 683 460 ἐτεχνάσατο.
734 379 804 461 όπερ
835 377 985 459 βδέλυγμα
1015 379 1212 458 θεασάμενος

185 477 202 540 δ
225 477 363 558 βασιλεύς
377 472 548 559 Ἡράκλειος
569 479 612 552 είς
634 487 692 558 γῆν
712 476 887 558 κατέστρεψε
909 476 959 537 καὶ
982 474 1022 551 ὡς
1044 479 1211 558 κονιορτὸν

185 575 326 639 διέλνσεν.
372 585 462 638 ταῦτα
489 574 521 637 δὲ
544 576 702 656 Σάρβαρος
729 573 859 648 ἀκούσας
885 575 993 656 γράφει
1014 575 1090 657 πρὸς
1108 571 1210 656 Ἡρά-

184 679 283 736 κλειον
308 673 472 755 ἀπολογίαν
500 671 540 747 ὡς
567 674 612 735 ότι
639 672 693 754 ούχ
722 671 799 734 ἑκδιν
830 671 902 734 άλλδι
927 673 1031 756 γνώμη
1059 673 1210 754 Χοσρόον

159 770 355 852 εδιέπριιττεν
378 772 452 852 άπερ
474 772 518 845 είς
540 771 609 844 τούς
624 765 784 850 Ῥωμαίους
806 771 975 849 πεποίηκεν.
1016 767 1052 832 δν
1075 769 1092 832 δ
1115 772 1210 850 βασε-

185 869 253 941 λεύς
275 867 326 930 διὰ
347 869 526 950 γραμμάτων
547 870 706 950 εἰρηνικῶν
733 869 1018 950 προσκαλεσάμενος,
1045 860 1099 946 ήκε
1126 870 1210 952 πρὸς

185 965 278 1029 αύτὸν
305 965 338 1028 ἐν
365 967 497 1048 Περσίδι.
543 966 729 1046 ἀναζητήσας
756 959 812 1028 ούν
837 959 1007 1048 Ἡράκλειος
1033 967 1104 1040 τούς
1132 989 1208 1049 πρε-

186 1062 310 1144 σβευτάς
336 1063 387 1126 καλ
414 1063 523 1143 μαθὼν
550 1062 591 1138 ὡς
616 1064 677 1127 ύπδ
700 1063 838 1147 Χοσρόου
866 1065 971 1137 δεινῶς
995 1063 1207 1148 ἀνῃρέθησαν,

185 1167 289 1242 θυμοῦ
316 1161 461 1241 πλησθεὶς
488 1161 545 1224 ούκ
571 1162 708 1239 ἐφείσατο
738 1162 935 1240 κατασφάξειν
962 1160 1012 1222 καλ
1038 1168 1208 1244 πυρπολῶν

146 1259 236 1323 εικαλ
257 1259 466 1340 καταστρέφων
488 1270 587 1322 πᾶσαν
614 1260 669 1339 τήν
693 1261 823 1343 Περσίδα
850 1259 883 1321 ἐν
906 1259 997 1321 ἐτεσιν
1020 1259 1059 1334 ἑξ.
1104 1267 1147 1344 τῷ
1171 1259 1207 1324 δὲ

185 1357 303 1444 ἑβδόμῳ
325 1358 381 1420 ἔτει
403 1358 439 1419 τὰ
461 1357 589 1430 ζωοποιδι
612 1358 686 1432 ξύλα
708 1367 760 1419 τού
783 1355 952 1418 πανσέπτου
975 1367 1105 1438 στανρού
1127 1357 1206 1420 ἀνα-

185 1455 285 1537 λαβὼν
308 1455 358 1517 καὶ
383 1457 425 1530 είς
444 1449 634 1539 Ἰερουσαλήμ
655 1455 894 1538 παραγενόμενος
916 1454 966 1516 καὶ
988 1466 1079 1516 ταῦτα
1102 1463 1205 1519 καθο-

185 1554 306 1634 ψόσας,
334 1553 404 1632 μετὰ
426 1558 537 1634 πολλῆς
559 1563 649 1634 χαρᾶς
671 1553 721 1614 καί
743 1553 865 1635 είρήνης
892 1552 940 1615 ἐπλ
962 1553 1017 1633 τήν
1038 1557 1206 1618 Κωνσταν-

86 1675 127 1716 ιιο
141 1674 172 1713 ιι.
185 1649 358 1712 τινοάπολιν
375 1649 538 1731 ύπέστρεψε
557 1651 703 1730 μυστικήν
724 1674 791 1712 τινα
813 1652 944 1732 θεωρίαν
963 1651 1106 1737 ἐντούτῳ
1126 1658 1205 1733 πλη·

146 1747 291 1829 ιερόσας.
332 1747 429 1829 ὥσπερ
450 1747 507 1830 γὰρ
529 1748 562 1810 ἐν
580 1746 703 1831 ήμέραις
716 1750 750 1822 ἑξ
774 1748 790 1811 δ
813 1749 885 1822 θεὸς
906 1758 1006 1810 πᾶσαν
1027 1749 1083 1828 τήν
1105 1752 1206 1812 κτίσιν

186 1845 409 1928 δημιουργήσας
439 1845 496 1925 τήν
524 1845 656 1927 ἑβδόμην
687 1845 880 1920 ἀναπαύσεως
911 1844 1024 1928 ήμέραν
1056 1847 1206 1928 ἐκάλεσεν,

186 1944 263 2006 ούτω
291 1944 329 2024 δή
356 1943 407 2006 καλ
434 1937 521 2018 οὗτος
548 1944 580 2006 ἐν
608 1951 669 2018 τοῖς
692 1946 726 2019 ἑξ
754 1945 871 2026 χρόνοις
902 1945 1029 2018 πολλούς
1056 1947 1206 2021 διανύσας

185 2041 332 2122 πολέμους
350 2041 400 2103 καλ
416 2043 562 2116 κοπιάσας
579 2042 612 2105 ἐν
635 2049 674 2127 τῷ
693 2041 810 2129 ἑβδόμῳ
828 2043 884 2105 ἐτει
905 2037 965 2122 μετ’
986 2044 1108 2126 είρήνης
1125 2043 1203 2106 ὑπο-

187 2139 315 2258 στρέψας
337 2139 532 2203 ἀνεπαύσατο.
578 2165 607 2203 οι
600 2104 663 2202 δέ
685 2149 738 2220 τῆς
760 2140 872 2213 πόλεως
894 2141 949 2221 τήν
971 2141 1085 2202 ἔδευσεν
1108 2143 1204 2204 αὐτοῦ

146 2238 305 2320 εοννόντες
332 2237 514 2324 άκατασχέτῳ
541 2240 630 2324 πόθῳ
658 2239 765 2310 πάντες
788 2238 829 2312 είς
856 2238 911 2318 τήν
930 2232 1048 2321 Ἱερείαν
1071 2238 1203 2328 ἐξῆλθον

186 2335 242 2397 σύν
271 2342 310 2420 τῷ
338 2338 499 2421 πατριάρχη
531 2336 582 2397 καλ
607 2302 825 2420 Νωνσταντίνῳ
857 2342 896 2420 τῷ
924 2337 1041 2416 βασιλεῖ
1066 2336 1118 2398 κοιλ
1149 2339 1208 2422 υίῳ

258 2512 315 2559 3-
321 2508 390 2574 7cf.
410 2506 471 2562 Nic.
487 2513 674 2577 μ.21,4.-
700 2512 777 2560 7-8
796 2508 830 2574 cf.
847 2507 949 2577 N1c.p.
965 2512 1007 2577 20,
1024 2512 1119 2561 16.
1084 2539 1119 2557 -.-
1145 2515 1204 2563 9-

183 2526 900 2649 pQ67380fiTheophpffl'124Niop223.

259 2745 283 2792 1
290 2743 306 2790 2
322 2738 337 2792 ό
352 2739 480 2811 βασιλεύς
492 2739 671 2810 θεασάμενος
683 2737 868 2808 ήράκλειοςίλ
887 2738 902 2795 δ
917 2740 1045 2811 βασιλεὺς
1055 2756 1105 2794 om.
1121 2740 1152 2794 Ρ
1166 2773 1203 2782 -

188 2815 221 2864 13
239 2809 307 2880 μετά
320 2813 423 2879 πολλής
435 2820 525 2881 χαρᾶς
538 2811 588 2864 ΒΡ
605 2813 708 2879 πολλῆς
725 2827 775 2864 οιιι.
790 2810 819 2863 M
839 2809 906 2881 μετὰ
920 2818 1009 2881 χαρᾶς
1021 2813 1128 2901 πολλής
1139 2811 1202 2866 rell.

187 2887 274 2934 -14
289 2881 440 2951 ἐπέστρεψε
455 2881 479 2936 G
497 2902 546 2952 μετ
547 2881 694 3007 &owe
649 2881 758 2936 Β-
775 2888 807 2937 16
823 2881 1023 2952 ἐδημιούργησε
1037 2880 1128 2936 καὶ
1098 2901 1152 2951 την
1165 2882 1202 2936 Ν

186 2985 220 2994 -
241 2959 274 3007 18
292 2953 436 3022 ύποστρψέ
413 2963 472 3022 ψας
490 2971 539 3008 ονε
554 2953 612 3006 ΝΒ
715 2958 748 3006 20
766 2951 870 3016 πάντες
887 2951 970 3027 πόθῳ
988 2953 1075 3008 Ν.-
1094 2952 1136 3022 δερ
1139 2951 1203 3009 είαν

186 3027 290 3114 (-ρειαν
308 3025 346 3094 Ν)
364 2973 475 3078 ΕρθΝλί
494 3021 584 3094 λερίαν
603 3023 650 3078 ΟΡ
674 3022 806 3092 ἐρείανΑ
824 3022 909 3093 ηρίαν
927 3013 958 3078 Β
973 3025 1015 3094 (ἐν
1033 3033 1092 3086 τοῖς
1109 3028 1203 3079 παλα-

185 3093 257 3160 τίοις
274 3102 324 3165 τῆς
340 3091 423 3164 ήρίας
441 3095 483 3165 Β.)

258 3251 336 3308 δὸτι
349 3271 400 3310 om
414 3254 558 3310 ΡΝἰομ-
578 3255 780 3345 όδβασιλεύς]
795 3254 1033 3324 ήράκλειοςΡ.-
1055 3261 1143 3309 7-14
1161 3258 1205 3311 sic

186 3342 218 3378 ιιι
235 3325 271 3376 Ρ
274 3323 477 3416 ἀνῃρέθησαν
495 3335 591 3380 πᾶσαν
608 3326 659 3396 τήν
677 3275 812 3394 περσίδαη
817 3327 993 3388 καταδιάσας
1011 3326 1042 3381 ἐν
1062 3325 1200 3382 ἐτεσιν’
1170 3345 1187 3386 ς

186 3396 235 3448 καί
252 3393 287 3448 τὰ
306 3395 428 3457 ζωοποιύι
446 3396 514 3460 ξύλα
533 3397 612 3451 άνοιλ
633 3396 701 3460 είς
692 3417 741 3466 ι.ερ
762 3394 888 3485 ἀφίκετο
899 3397 1099 3488 πεφνλαγμένα
1122 3417 1203 3465 περι

186 3465 300 3552 τυχὼν
301 3463 373 3517 αύτδι
395 3465 466 3519 κατὰ
489 3465 575 3523 θείαν
597 3467 787 3536 προμήθειαν.
825 3460 888 3523 ἐν
874 3490 892 3540 η
909 3477 998 3523 ταῦτα
1020 3471 1132 3558 καθυιμ.
1152 3470 1203 3522 καλ

186 3535 300 3602 πρὸς
274 3554 306 3588 ιο
325 3535 382 3604 βνζ.
397 3536 485 3598 εύθύς
504 3536 649 3606 ἐκπέμψας
667 3537 698 3592 ἐν
715 3543 754 3612 τῷ
768 3523 882 3612 ἑβδόμῳ
896 3539 949 3594 ἔτει
967 3538 1036 3607 μετὰ
1054 3542 1157 3608 πολλῆς
1174 3561 1201 3609 χ.

186 3624 215 3658 τε
234 3605 282 3658 καλ
300 3604 350 3671 είρ.
366 3604 411 3657 ἐπί
429 3624 451 3657 τ.
467 3626 491 3658 κ.
506 3608 601 3660 ύπ-
622 3609 690 3662 15
675 3629 712 3670 ως
730 3593 832 3679 ήδιρΡ
