2617 3909
535 236 725 286 XPONIKON
1070 233 1136 298 555

190 386 300 444 Μαυία
322 380 341 462 ἡ
365 393 423 444 τῶν
447 389 634 463 Σαρακηνῶν
657 382 771 463 βασιλῖς
794 382 944 463 χριστιανὴ
973 373 1012 460 ἦν
1034 381 1067 443 ἐκ
1089 381 1136 463 γε’-

121 505 195 556 νους
215 475 364 560 Ῥωμαίων
390 479 440 542 καὶ
464 487 614 560 ληφθεῖσα
637 481 818 561 αἰχμάλωτος
844 478 929 561 έχρεσε
957 479 1007 540 διὰ
1032 481 1137 552 κάλλος

120 588 160 664 τῷ
180 582 299 660 βασιλεῖ
312 589 371 640 τῶν
389 584 577 660 Σαρακηνῶν
599 577 649 638 καῖ
673 585 711 662 τῷ
727 579 822 662 χρόνῳ
845 578 887 650 εἰς
905 579 1041 657 βασιλίδα
1064 599 1136 658 προ-

119 676 241 754 έκοψεν.
287 676 381 740 πολλὰ
404 670 459 738 ούν
482 675 558 737 κακὰ
580 681 641 748 τοῖς
661 667 813 754 Ῥωμαίοις
835 675 967 756 ἔδρασεν,
993 673 1137 736 ὥστεκαὶ

120 775 174 836 τὸν
193 775 316 857 στρατὸν
334 775 472 856 ἐκτρῖψαι
491 775 681 859 σφοδροτάτῳ
704 772 821 859 πολέμῳ
844 773 894 834 καὶ
912 774 1010 848 πόλεις
1028 772 1137 847 πολλάς
1165 794 1177 833 τ

121 873 154 934 ἐν
169 874 354 957 Παλαιστίνῃ
368 872 418 934 καῖ
429 869 552 956 Ἀραβίῳ
565 878 727 953 πορθῆσαι.
764 877 988 952 παρακληθεῖσα
1007 869 1039 934 δὲ
1057 872 1137 952 εἰρη-

119 995 181 1049 νην
209 972 395 1050 ποιησασθαι
422 970 478 1033 ούκ
504 968 598 1043 άλλως
625 970 684 1048 ἐφη
713 979 798 1031 τοῦτο
821 971 1014 1050 γενήσεσθαι,
1042 971 1070 1031 εῖ
1096 970 1136 1049 μὴ

122 1073 264 1148 Μωύσῆς
286 1092 330 1143 τις
353 1067 475 1148 όνόματι
494 1069 621 1148 μοναχὸς
642 1074 681 1152 τῷ
696 1068 780 1129 ἔθνει
802 1068 894 1146 αὐτῆς
916 1069 1137 1148 χειροτονηθείη

121 1166 296 1246 ἐπίσκοπος,
329 1164 362 1241 δς
389 1167 421 1228 ἐν
448 1176 483 1251 τῇ
512 1165 610 1251 ἐρήμῳ
638 1175 674 1250 τῇ
702 1166 904 1249 γειτνιαζούση
933 1172 995 1239 τοῖς
1023 1165 1138 1244 μέρεσιν

122 1264 217 1344 αὐτῆς
240 1265 352 1346 διάγων
374 1271 438 1338 ταῖς
461 1263 576 1346 ἀρεταῖς
602 1263 736 1337 καὶτοῖς
759 1264 913 1342 θαύμασιν
934 1263 1136 1344 ἐξήστραπτεν.
1153 1285 1178 1325 ιο

123 1363 234 1442 ταύτης
260 1360 280 1441 ἡ
309 1363 422 1442 αἴτησις
449 1362 589 1442 ἐμηνύθη
622 1369 662 1445 τῷ
686 1363 803 1442 βασιλεῖ
828 1371 887 1422 τῶν
908 1356 1074 1441 Ῥωμαίων,
1105 1358 1138 1433 ὃς

124 1461 236 1522 κελεύει
259 1467 321 1535 τοῖς
343 1467 515 1543 στρατηγοῖς
538 1458 609 1538 μετὰ
630 1465 742 1520 πολλοῦ
764 1468 817 1520 τοῦ
835 1459 941 1539 τάχους
963 1469 1049 1520 τοῦτο
1072 1480 1138 1520 ποι-

123 1569 202 1638 ῆσαι.
244 1558 416 1640 ἀγαγόντων
439 1556 471 1620 δὲ
494 1558 586 1621 αύτὸν
607 1557 640 1618 ἐν
661 1553 863 1640 Ἀλεξανδρείῳ
890 1563 1139 1638 χειροτονηθῆναι

123 1655 183 1718 ὑπὸ
203 1658 339 1719 Λουκίου
362 1656 452 1730 αὐτὸς
474 1656 510 1718 ού
534 1655 704 1730 κατεδέξατο
728 1654 820 1717 εἰπὼν
844 1656 900 1717 ότι·
929 1657 1062 1729 Λούκιος
1086 1655 1139 1730 τὰς

123 1760 220 1835 χεῖρας
248 1754 340 1816 αὐτοῦ
368 1755 424 1818 ούκ
450 1755 587 1834 ἐπιβαλεῖ
609 1771 672 1833 μοι·
700 1752 886 1835 πεφυρμέναι
912 1755 967 1836 γάρ
995 1754 1051 1815 εῖσι
1077 1760 1139 1827 τοῖς
1153 1774 1179 1815 15

123 1862 183 1913 τῶν
202 1851 295 1933 ἁγίων
313 1853 442 1932 αῖμασιν.
481 1850 747 1933 καταισχυνθέντος
766 1844 821 1913 ούν
840 1861 892 1913 τοῦ
910 1850 1037 1932 ἀσεβοῦς
1054 1857 1138 1913 Λου-

124 1951 204 2030 κίου,
227 1959 279 2030 τῆς
303 1952 447 2030 δημοσίας
474 1953 570 2031 χρείας
597 1948 791 2028 ἐπικειμένης,
820 1949 998 2029 ἠναγκάσθη
1027 1946 1138 2030 ἡσυχά-

125 2067 185 2129 σαι,
209 2049 258 2109 ῖνα
281 2047 361 2130 παρὰ
383 2059 442 2110 τῶν
464 2047 633 2110 ἐπισκόπων
656 2058 715 2108 τῶν
738 2043 793 2107 ὑπ’
810 2047 903 2108 αύτού
926 2045 1139 2127 ε’ξορισθέντων

126 2151 267 2226 Μωύσης
281 2147 336 2226 τὴν
349 2148 530 2228 χειροτονίαν
544 2145 673 2225 δέξηται·
689 2145 760 2226 ὅπερ
774 2144 824 2204 καῖ
838 2142 965 2225 γέγονεν.
997 2143 1047 2204 καῖ
1062 2145 1138 2205 οὕτω

125 2244 344 2325 χειροτονηθεὶς
362 2245 456 2323 ἐδόθη
477 2248 587 2305 Μαυλα
609 2243 660 2304 καὶ
678 2241 805 2315 πολλοὺς
823 2252 875 2303 τοῦ
894 2242 993 2320 φύλου
1012 2259 1138 2322 χριστια-
1153 2263 1179 2302 ω

126 2342 200 2414 νούς
218 2343 387 2422 πεποίηκεν.
424 2344 536 2423 ἱστορεῖ
553 2339 585 2402 δὲ
608 2340 702 2402 πολλὰ
724 2339 790 2421 περὶ
813 2349 865 2400 τοῦ
883 2339 994 2412 ἔθνους
1017 2339 1091 2401 ὅθεν
1109 2362 1138 2401 τε
1152 2352 1192 2392 458
1205 2351 1238 2389 M·

125 2437 234 2521 ἤρξατο
253 2438 303 2501 καῖ
322 2440 395 2502 ὅθεν
409 2441 617 2519 ἐπονομάζεται
635 2436 686 2498 καῖ
704 2438 749 2500 ότι
767 2433 809 2518 ιγ’
823 2437 897 2498 ἐτῶν
910 2436 1139 2518 περιτέμνονται.

213 2534 265 2597 Ἐν
285 2533 407 2622 Ἐδέσση
435 2548 487 2617 τῆς
510 2537 758 2615 Μεσοποταμίας,
786 2535 863 2597 ἔνθα
889 2538 997 2614 Θωμᾶς
1024 2535 1040 2598 δ
1064 2534 1138 2599 ἀπό-

200 2708 268 2754 1-4
283 2701 333 2754 Th.
348 2701 377 2752 L.
393 2701 427 2767 cf.
443 2699 508 2754 Exo.
524 2701 585 2753 Bar.
601 2699 725 2768 Theoph.
737 2717 766 2768 p.
781 2705 824 2765 64,
835 2705 868 2751 12
888 2698 984 2767 Polyd.
996 2715 1025 2766 p.
1041 2703 1102 2765 408,
1113 2703 1138 2751 5.

127 2773 378 2909 ἐ-Βρὶ-ᾒ-χθῃβιχβω.
397 2772 431 2838 ΙΙ,
451 2778 474 2825 6.
495 2803 528 2811 -
553 2777 656 2824 19—22
674 2770 724 2823 Th.
740 2770 769 2823 L.
784 2771 819 2837 cf.
835 2773 852 2824 l.
867 2771 884 2825 ῖ.
903 2801 939 2810 -
958 2775 1062 2838 23—p.
1079 2775 1139 2835 557,

201 2984 214 3030 1
235 2975 322 3045 μανία
345 2995 387 3039 τις
405 2977 430 3029 V
453 2973 540 3048 μαβία
565 2976 636 3030 δὲΕ
660 2977 708 3029 καλ
732 2972 820 3046 μαβία
843 2975 873 3026 Β.
896 3005 930 3013 —-
954 2974 1074 3043 βασιλεῖς
1092 2971 1140 3026 GL

128 3045 287 3120 βασίλεισσα
302 3048 331 3101 F.
348 3079 381 3088 -
401 3053 416 3100 2
436 3047 485 3103 διδι
503 3046 620 3108 κάλλους
633 3047 684 3101 RV
702 3046 801 3129 διάτὸ
818 3044 917 3106 κάλλος
929 3044 959 3097 F.
976 3075 1008 3083 -—
1029 3048 1043 3094 ’λ
1061 3042 1140 3112 γενή-

127 3123 230 3174 σεσθαι
243 3119 342 3173 ARuf.
361 3118 507 3190 γενήσεται
525 3117 584 3172 rell.
599 3119 664 3172 Exc.
680 3119 716 3172 de
734 3120 795 3170 τινί.
812 3149 843 3156 -
864 3121 880 3170 8
894 3122 1005 3192 μωϋτῆς
1017 3114 1139 3168 ABRuf.

128 3191 234 3260 μούσης
252 3190 316 3245 Exo.
341 3196 434 3260 μωσῆς
451 3190 511 3243 rell.
529 3222 563 3230 —
583 3196 598 3242 9
619 3189 721 3261 ἐρήμῳ]
741 3185 816 3259 ῥώμη
836 3185 944 3240 CELR.
963 3217 999 3226 —
1016 3191 1050 3254 τῆ
1070 3205 1140 3256 γειτ-

128 3261 290 3326 νιάζουσιίλ
309 3271 368 3324 τοῖς
385 3261 569 3352 γειτνιάζουσι
582 3261 615 3314 R.
636 3293 670 3301 -
691 3266 723 3314 10
738 3257 915 3326 ἐξέστραπται
929 3258 951 3310 L
970 3255 1142 3326 έξήστραψεν

128 3332 445 3530 βούλιμός
459 3329 1141 3474 κειμιλλπακκαοοακί

165 3477 270 3547 ιβάλλει
283 3476 334 3568 βλ]
349 3474 480 3564 ἐπιβάλλη
495 3474 527 3528 Α.
545 3507 578 3514 -
595 3480 631 3564 ὶ22
640 3491 694 3543 sqq.
709 3470 921 3562 περιτέμνονται
937 3472 971 3554 ἐν
981 3471 1029 3553 ἐδ.
1043 3478 1093 3539 τῆς
1105 3490 1142 3538 μ.,

130 3541 1141 3685 ἔλθοικλύει-,τέθεικααελκοοκκωοελκτ
