2617 3909
172 207 237 274 518
483 207 670 260 mmor
686 207 869 259 immor

171 358 273 437 βυνεν,
296 356 351 418 δύο
371 355 636 436 μνηστευσόμενος,
659 353 715 434 τήν
733 356 881 437 σωτηρίαν
899 354 1012 434 ἐκείνης
1031 347 1193 436 (ὡμίλησα
1305 340 1306 347 ¹

171 453 226 536 γδιρ
249 453 344 533 αὐτὴν
367 446 499 536 σφόδρα)
522 452 573 514 καλ
594 452 650 532 τήν
672 450 748 532 ἐμήν
770 452 871 528 δόξαν.
915 451 932 515 δ
956 451 989 514 δέ
1010 475 1042 533 γε
1062 446 1193 514 ’Ima-

170 552 222 625 νός
250 551 474 633 ίπιτερπόμενος
503 557 565 624 τοῖς
593 551 726 624 εἰδώλοις
748 542 841 624 αόθις
862 550 918 629 τήν
939 549 1099 629 ἐκκλησίαν
1121 549 1192 612 ἐτά-

172 671 253 730 ραττε
281 648 316 710 τὰ
343 658 402 711 τῶν
420 643 575 728 Ἑλλήνων
602 646 733 729 δνοίγοον
755 647 818 728 ίερόι
840 647 892 709 καί
913 647 1024 721 θυσίας
1045 647 1194 710 ἐπιτελῶν

145 757 206 833 στῇ
225 745 568 819 Κωνστοιντινονπόλεως
586 745 669 830 Τύχη
687 745 816 828 δημοσίᾳ
834 743 867 806 ἐν
884 754 920 830 τῇ
939 746 1088 829 βασιλικῇ,
1108 744 1192 806 ἔνθα

171 853 224 924 τῆς
247 843 338 923 αύτής
364 842 460 924 Ίύχης
482 843 514 905 τό
537 840 653 924 όγαλμα
678 843 865 924 καθίδρυται.
911 840 1076 905 κάντεῦθεν
1098 843 1131 904 οἱ
1148 851 1189 927 τῇ

171 942 269 1026 πλόνη
292 950 350 1003 τῶν
373 940 504 1002 εἰδώλων
526 939 742 1020 δεδουλωμένοι
763 939 879 1020 βουλήν
900 940 1093 1022 εἰσηγήσαντο
1112 939 1190 1022 πρὸς

171 1039 223 1102 τὸν
245 1036 366 1119 βασιλέα
388 1035 429 1112 ὡς
454 1037 510 1100 ούιι
535 1035 630 1112 όίλλως
656 1037 844 1118 περιέσεσθαι
865 1048 925 1100 τῶν
946 1048 1138 1119 χριστιανῶν,
1161 1039 1191 1099 εί

172 1136 212 1216 μή
233 1131 415 1198 Ἀθανασίου
438 1134 631 1217 ἀπαλλαγεῖεν
654 1136 704 1198 ότε
726 1136 765 1215 δή
783 1137 924 1216 θεμελίου
942 1132 1028 1209 ὄντος
1048 1129 1186 1216 τής,κατ’

130 1259 157 1300 ιο
171 1235 270 1298 αὐτῶν
292 1234 454 1315 ἐκκλησίας.
495 1233 546 1295 διὰ
566 1243 652 1296 τούτο
669 1243 745 1315 γούν
766 1234 857 1296 πόλιν
879 1235 1026 1296 δικαστῶν
1043 1233 1188 1313 κινήσεις,

173 1332 275 1411 [πάλιν
303 1327 402 1414 λαοί],
429 1332 519 1394 πόλιν
546 1340 732 1414 στρατιῶται,
763 1332 853 1393 πόλιν
885 1331 992 1412 βουλαὶ
1018 1331 1068 1393 καί
1095 1332 1189 1412 δῆμοι

170 1430 378 1511 ἕκμαινόμενοι
395 1427 445 1493 καλ
460 1429 673 1511 ταρασσόμενοι
683 1423 865 1491 Ἀθανόσιον
879 1428 1100 1509 ἀπαιτούμενοι.
1138 1428 1189 1490 διό

170 1527 208 1607 δὴ
236 1529 326 1589 πόλιν
353 1527 469 1608 νύκτωρ
495 1526 680 1609 ἀποδράντος
707 1527 801 1589 αὐτοῦ
827 1525 877 1589 καὶ
904 1527 971 1609 περὶ
997 1526 1049 1588 τὸν
1072 1529 1188 1589 Νεῖλον

170 1624 331 1707 γενομένου
355 1623 509 1705 μέλλοντος
531 1625 573 1698 είς
595 1630 700 1687 πλοῖον
722 1621 918 1706 είσὲρχεσθαι,
947 1624 1134 1705 περιστάντες
1155 1625 1192 1686 οδ

130 1745 157 1788 ιε
170 1723 289 1804 γνήσιοι
312 1723 396 1800 φίλοι
417 1720 487 1800 μετὰ
510 1722 648 1804 δακρύων
670 1721 745 1805 πρός
767 1722 858 1784 αὐτόν
877 1721 990 1804 ἔλεγον·
1013 1731 1074 1784 πού
1096 1722 1188 1782 πόλιν

171 1819 340 1901 όναχωρεῖς,
364 1818 381 1882 ό
404 1818 516 1898 ποιμήν
539 1818 556 1882 ό
578 1821 678 1901 καλός,
703 1818 754 1882 καὶ
775 1821 835 1881 τίνι
856 1819 1084 1900 καταλιμπάνεις
1106 1817 1188 1899 ἡμᾶς

171 1916 211 1992 όος
237 1917 371 1999 πρόβατα
399 1917 439 1997 μή
467 1917 569 1998 ἔχοντα
596 1915 737 1996 ποιμένας
764 1916 839 1999 πρός
861 1918 915 1991 οδς
938 1936 1033 1996 φησιν
1055 1915 1072 1978 ό
1095 1916 1187 1990 καλὸς

170 2017 295 2096 ποιμήν·
319 2016 360 2096 μὴ
382 2016 503 2095 κλαίετε,
526 2014 622 2094 τέκνα,
641 2014 682 2094 μή
701 2016 826 2076 κλαίετε·
848 2015 1013 2096 νεφύδριόν
1030 2014 1092 2078 ἐστι
1108 2021 1188 2092 φθι-

170 2114 339 2196 νοπωρινὸν
366 2107 454 2186 ούτος
481 2112 661 2197 ότοίραχος,
691 2111 765 2194 πρὸς
793 2110 893 2194 ὀλίγον
916 2110 971 2192 μὲν
993 2113 1188 2194 φαινόμενος,

131 2237 159 2278 ιο
172 2210 260 2288 ὀξέως
283 2211 315 2274 δὲ
338 2210 539 2292 διαλυόμενος.
585 2211 625 2290 μὴ
649 2211 824 2292 όαθυμεῖτε,
852 2209 952 2274 τέκνα·
982 2211 1082 2291 τάχιον
1105 2209 1187 2272 ίλεύ-

172 2329 260 2390 σομαι
286 2309 361 2393 πρός
387 2309 466 2389 ύμᾶς
492 2316 569 2371 θεοῦ
595 2309 773 2382 κελεύοντος.
819 2308 891 2390 ὅπερ
919 2307 958 2388 δή
984 2306 1035 2369 καὶ
1057 2307 1187 2390 γέγονεν.

243 2479 317 2526 21-
320 2489 350 2541 p.
365 2477 426 2540 519,
441 2476 457 2524 8
477 2471 587 2526 Similia
601 2470 692 2526 (iram.
708 2473 724 2525 l.
740 2470 758 2524 l.

242 2612 259 2658 4
273 2603 425 2676 Ἑλλήνων]
441 2605 562 2660 εἰδώλων
576 2604 662 2658 ERV.
678 2637 711 2645 -
731 2605 781 2658 καλ
797 2600 902 2667 θυσίας
919 2604 1051 2659 ἐπιτελῶν
1069 2621 1120 2659 σοι.
1135 2604 1187 2658 FN

171 2677 218 2732 sed
235 2677 267 2731 ιἰι
285 2676 306 2729 F
324 2693 349 2731 ιι.
364 2682 379 2729 6
396 2682 459 2746 γοοδ
476 2673 649 2744 καθίδρυται
667 2675 747 2730 (τάδε
764 2672 869 2738 θυσίας
887 2672 1014 2730 ἐπετέλει.
1031 2706 1064 2716 -
1084 2680 1100 2728 9
1118 2672 1184 2729 κατ’

171 2747 259 2803 αύτδν
276 2745 332 2802 MV
354 2743 417 2800 κατ’
435 2747 537 2808 αύτούς
554 2747 579 2802 R
602 2747 697 2801 αὐτῶν
714 2748 774 2816 (om.
791 2741 868 2815 κατ’)
886 2745 918 2798 Β.
938 2777 972 2786 -
993 2750 1026 2799 10
1045 2747 1186 2802 δικαστῶν

171 2825 244 2873 -11
265 2827 429 2888 στρατιῶται
451 2816 536 2872 πόλιν
558 2835 609 2874 om.
628 2817 659 2872 F.
679 2849 714 2858 —
732 2824 765 2872 11
784 2816 870 2872 πόλιν
892 2814 956 2872 λαοί
978 2834 1029 2872 om.
1048 2817 1098 2870 BP
1108 2816 1185 2872 Vita.

172 2888 580 2946 -12καλδιθανύσιονδλί,
602 2921 635 2930 -
661 2895 694 2942 13
713 2889 745 2943 τό
764 2891 857 2943 νείλον
869 2887 924 2941 ER
940 2888 991 2943 τόν
1009 2887 1084 2942 είλον
1104 2887 1132 2943 (λ
1151 2921 1186 2929 -

173 2968 206 3016 14
228 2961 380 3034 γενομένου
402 2959 477 3016 ARV
502 2958 652 3032 γενόμενον
672 2960 697 3014 R
719 2956 868 3029 λεγόμενον
892 2957 996 3013 cm
1022 2975 1074 3015 σοι.
1092 2959 1123 3013 δ’.
1151 2993 1184 3001 -

173 3037 206 3086 18
225 3031 378 3102 νεφίδρυον
396 3030 470 3087 AFV
493 3031 629 3101 ἐφύδριον
650 3031 674 3085 Β
701 3029 839 3098 νεφήδιον
862 3027 961 3099 (-ίδιον
980 3029 1005 3083 R
1027 3027 1132 3086 -είδιον
1151 3031 1187 3101 G)

170 3103 269 3158 GMR.
288 3137 323 3146 -
343 3109 376 3158 20
396 3099 540 3175 όαθομήτε
553 3102 659 3157 BPRV.

244 3228 309 3284 ότδ
329 3245 379 3282 om.
398 3227 429 3282 P.
448 3259 483 3268 -
507 3232 523 3281 9
543 3225 624 3291 όντος
641 3227 729 3282 αύτού
747 3233 797 3294 της
814 3224 919 3280 Pvita,
939 3257 973 3266 -
993 3231 1026 3280 10
1046 3227 1187 3281 δικαστῶν

100 3361 101 3364 ‘
170 3296 1186 3440 iiiii{i‘faizziiiiif2⁰22i2‘2202‘135515302332222252

173 3411 287 3503 στάντες
299 3439 329 3493 Ρ.
345 3471 378 3479 -
400 3444 433 3493 18
452 3389 614 3508 μὴρκλαίετε
632 3410 753 3493 vitiive}
771 3438 809 3508 μή
822 3389 930 3498 κλαίετό
947 3440 1018 3509 μηδὲ
1031 3436 1186 3509 όαθυμήτε,

173 3530 235 3579 νεφ.
250 3511 303 3581 γάρ
323 3509 380 3564 ἐστι
398 3509 427 3562 P.
447 3541 481 3549 —
500 3515 534 3563 19
551 3528 599 3578 πρ.
620 3508 662 3563 όλι
681 3551 687 3563 .
706 3507 879 3579 φαινόμενος
896 3509 955 3578 μέν,
973 3510 1013 3576 όξ.
1031 3509 1063 3565 δδ
1080 3512 1187 3578 ἀφανι-

172 3581 294 3652 ζόμενος.
317 3581 366 3635 καλ
379 3579 491 3651 τόγειον
505 3579 658 3648 Ρ(ὃόιο111ο
691 3580 751 3649 ita).
763 3610 796 3621 -
811 3585 844 3633 21
861 3580 929 3649 ὅπερ
942 3581 979 3651 δή
988 3583 1042 3640 ,καί
1055 3579 1111 3651 γόγ,
1121 3578 1197 3650 μετ’,
