2617 3909
517 242 707 294 nomon
1057 244 1123 310 665

97 388 178 462 λοὺς
200 387 255 467 μὲν
276 386 478 470 ήκρωτηρίασε
503 388 554 450 καί
579 390 615 450 τά
641 389 714 470 μέλη
738 389 837 452 αὐτῶν
860 391 955 476 ἐντῷ
978 394 1121 470 σφενδόνι

97 485 279 570 ἐκρέμασεν,
310 486 439 558 πολλοὺς
471 485 503 548 δέ
535 486 730 568 ἀπεκεφάλισε
762 488 812 550 καί
843 487 950 564 ἀλλους
980 491 1121 554 έσάκισεν.

97 585 158 647 τὸν
186 583 219 646 δέ
249 585 355 647 λοιπὸν
380 585 503 647 πλείονα
533 586 606 649 λαὸν
637 593 677 670 τῷ
705 584 826 672 ὑπάρχω
857 585 1016 668 ἐπέτρεψεν
1048 588 1123 650 ἀπο-

98 688 217 744 κλεῖσαι
239 681 363 763 αὐτοός,
392 683 472 756 ὅπως
495 683 566 763 μετὰ
588 681 700 766 ἡμέρας
722 683 804 758 τινάς
826 685 989 770 παραὸάση
1013 687 1122 759 αὐτοὺς

98 785 144 866 τῷ
169 780 300 864 θανάτῳ.
351 782 383 842 οί
412 779 445 842 δέ
477 779 556 862 ὄχλοι
582 779 829 862 ἐπισυναχθέντος
856 782 905 843 κοιλ
932 792 992 865 πῦρ
1019 784 1062 857 εἰς
1089 785 1121 847 τὸ
1148 805 1162 846 ε

99 878 285 960 πραιτώριον
303 879 452 959 βαλόντες,
471 879 600 958 ἐξῆλθον
618 880 650 940 οί
670 878 784 959 δέσμιοι
801 880 909 954 πάντες
926 880 977 941 καὶ
998 880 1121 962 ἔφυγον.

173 975 262 1037 Μετὰ
290 975 322 1038 δέ
349 985 441 1038 ταῦτα
463 976 597 1054 ἔφθασεν
620 974 640 1055 ή
663 975 737 1059 ὀρχη
761 976 810 1037 καὶ
835 977 883 1038 έπλ
910 978 965 1057 τὴν
987 979 1121 1058 κεφαλήν

99 1084 158 1136 τοῦ
184 1072 312 1153 ἀσεβοῦς
337 1077 429 1136 Φωκᾶ
455 1067 529 1134 ἀνθ’
550 1066 593 1135 ὧν
620 1074 743 1156 ἔδρασεν
769 1073 984 1157 ἀναριθμήτων
1011 1085 1120 1138 κακῶν.

96 1166 273 1254 Ἡράκλειος
295 1171 351 1253 γὰρ
370 1171 386 1234 ό
406 1172 566 1255 στρατηγὸς
581 1167 726 1254 Ἀφρικῦχς
743 1176 832 1234 πλοῖα
851 1172 945 1234 πολλὰ
967 1172 1120 1247 έξοπλίσας
1133 1189 1173 1230 σεε
1187 1188 1218 1228 ετ,

100 1269 156 1332 καί
178 1269 302 1350 στρατὸν
324 1267 448 1351 ἀπειρον
470 1268 500 1342 ἐξ
516 1265 660 1352 Ἀφρικῆς
682 1269 733 1330 καλ
751 1272 963 1352 Μαυριτανίας
981 1259 1121 1332 ἐπισννά-
1135 1295 1161 1335 ιο
1260 1299 1261 1302 ’

102 1370 158 1442 ξας
180 1367 236 1446 τήν
254 1368 572 1429 Κωνστοιντινοόπολιν
589 1366 748 1447 κατέλαβεν
768 1366 980 1448 ἐπιφερόμενος
997 1367 1047 1429 καί
1065 1368 1121 1447 τήν

102 1464 329 1546 ἀχειροποίητον
364 1463 465 1526 εἰκόνα
496 1474 549 1526 τοῦ
584 1466 706 1545 κυρίου,
743 1463 783 1537 ὥς
815 1482 890 1543 φησι
922 1465 1067 1547 Γεάρχιος
1103 1465 1119 1528 ὁ

104 1563 253 1634 Πισίόιος.
293 1561 344 1623 κοιλ
366 1561 496 1642 πολέμου
518 1562 716 1645 κροτηθέντος
738 1562 873 1641 ἐνίκησεν
890 1557 1061 1643 Ἡράκλειος
1083 1573 1119 1648 τῇ

103 1660 200 1742 χάριτι
221 1663 352 1740 Χριστοῦ
378 1664 489 1722 Φωκᾶν
514 1662 567 1723 τὸν
588 1659 748 1742 ἀλιτήριον.
795 1655 912 1734 οὗτινος
940 1658 1120 1740 ἡττηθέντος

105 1756 256 1830 Φωτεινός
289 1781 333 1831 τις
368 1757 401 1819 ἐκ
431 1768 492 1820 τῶν
523 1759 705 1840 μεγιστάνων
741 1758 1024 1839 προεπιβουλευθελς
1059 1758 1119 1820 ὑπὸ
1134 1781 1160 1822 ιε

106 1859 199 1916 Φωκᾶ
231 1856 273 1929 είς
304 1855 358 1935 τήν
390 1857 518 1939 σύζυγον
548 1857 689 1936 εἰσῆλθεν
720 1855 841 1938 ἀθρόως
877 1856 948 1936 μετὰ
982 1856 1121 1934 πλήθους

103 1961 287 2034 στρατιωτῶν
308 1954 352 2028 είς
373 1953 406 2017 τὸ
429 1956 573 2016 παλάτιον
595 1953 645 2015 καί
668 1955 720 2017 τὸν
742 1951 851 2016 άθλιον
877 1957 987 2014 Φωκῦν
1010 1952 1120 2032 ἀτίμως

177 2148 263 2196 1-14
277 2144 312 2210 cf.
327 2143 452 2212 Theoph.
463 2147 617 2211 μ.298,16.
633 2173 668 2182 -
684 2147 779 2211 λιι-μ.
795 2145 901 2208 666,13
915 2142 951 2208 cf.
964 2140 1119 2210 Nicephori

12 2228 22 2279 ’,
104 2215 308 2284 Breviar.p.4‚
324 2219 365 2267 19.

176 2389 190 2436 1
210 2381 260 2451 μέν
283 2399 333 2436 om.
353 2381 374 2434 L
393 2388 419 2437 et
435 2397 505 2435 τεοο.
522 2380 647 2450 quidam.
673 2413 707 2420 -
731 2379 761 2434 ἐν
784 2383 822 2453 τῷ
844 2378 981 2449 σφενδόνι
1004 2379 1080 2448 (ἀνι.
1099 2377 1136 2434 C¹

105 2463 170 2509 -ῶνι
187 2454 223 2523 1))
241 2451 402 2507 AODEGP
426 2453 457 2508 ἐν
474 2460 507 2524 τῇ
528 2455 670 2521 σφενδῶνι
688 2452 718 2505 Μ
741 2451 772 2506 έν
794 2457 827 2520 τη
847 2450 989 2520 σφενδόνη
1008 2450 1118 2505 BLRV.

106 2558 141 2567 -
158 2531 174 2579 2
193 2525 224 2580 δέ
238 2523 287 2578 καί
301 2523 488 2592 ἀπεκεφάλισε
502 2522 554 2576 ΙιΡ.
570 2553 604 2564 -
622 2521 750 2578 ἐσάκισεν
764 2524 853 2592 (-ησεν
866 2520 934 2592 ΕΜ)
949 2521 1118 2576 BENPRV.

106 2595 249 2652 ἐσάκκισεν
264 2597 354 2665 (-ησεν
368 2596 403 2665 A)
417 2594 464 2649 Ac
482 2593 546 2650 etG
563 2592 819 2649 ιιι.1εωέσάκισεν
834 2609 903 2648 corr.
917 2625 952 2634 —
971 2599 987 2647 3
1007 2592 1078 2660 έπάρ
1097 2613 1119 2664 ῳ

105 2667 212 2722 BPRV.
233 2698 266 2707 -
285 2671 302 2718 4
378 2663 386 2684 ’
403 2663 508 2735 ἡμέρας
525 2665 584 2718 BE.
599 2697 634 2706 -
653 2665 813 2732 παραδώσει
833 2665 913 2719 codd.
927 2670 1038 2734 praeter
1055 2615 1118 2718 Βέί.

106 2771 138 2779 -
162 2745 176 2791 7
201 2737 290 2806 καλή
330 2738 382 2807 ρή
405 2737 451 2793 ἐπί
474 2737 499 2790 A
526 2737 575 2791 καλ
602 2753 652 2792 om.
677 2735 781 2791 MExc.
809 2767 844 2777 -
872 2741 888 2790 8
913 2736 981 2804 ἔδρα
1004 2735 1059 2789 ΑΒ.
1084 2767 1119 2776 -

108 2815 140 2864 14
161 2818 273 2882 χριστοῦ
292 2759 393 2863 ΑΒέὟ
415 2817 476 2871 τοῦ,
488 2815 601 2878 χριστοῦ
623 2807 684 2862 rell.
708 2839 744 2848 —
767 2807 917 2877 ἀλητήριον
941 2805 1059 2861 OGNP.
1084 2835 1118 2848 -·

109 2887 140 2936 15
158 2879 281 2951 φωτινός
299 2879 383 2935 AGM
408 2880 515 2942 Φάτιος
532 2877 594 2933 Nic.

176 3055 192 3102 3
209 3049 260 3104 τὸν
278 3048 381 3104 ‹vl-5
399 3047 518 3120 θανάτῳ
536 3064 587 3104 ονε.
606 3045 763 3117 PTheoph.
787 3077 820 3087 -
844 3052 860 3101 ῦ
880 3043 1069 3117 συναχθέντες
1087 3045 1119 3102 δέ

107 3122 233 3191 ολθήμοι
247 3120 270 3173 Ρ
284 3119 483 3190 (σωρευθέντες
498 3120 529 3173 δὲ
545 3118 572 3174 ολ
586 3117 720 3186 πράσινοι
733 3117 879 3188 Theoph.).
894 3147 929 3158 -—
944 3122 1032 3171 7-10
1051 3117 1119 3187 μετὰ

106 3193 137 3248 δέ
158 3211 180 3246 τ.
201 3192 401 3262 (ἔφθασεν-8
420 3199 515 3245 κακῶν
533 3207 584 3246 om.
599 3189 768 3258 PTheoph.)
790 3188 1004 3259 ἐξοπλισάμενος
1020 3188 1117 3257 ἡρακλ.

108 3263 122 3319 ὁ
136 3280 224 3331 στρατ.
236 3264 303 3331 ἀφρ.
313 3263 363 3317 καλ
371 3263 465 3334 λαβὼν
471 3265 555 3316 πλοῖα
564 3259 767 3331 καστελλομίνοι
779 3263 892 3314 πλεῖστα
902 3261 950 3314 καί
961 3261 1078 3328 στρατὸν
1087 3260 1117 3314 P.

108 3366 139 3376 -
155 3340 240 3388 11111
255 3353 337 3403 μαυρ.
352 3333 486 3416 κατέλαβε
500 3332 551 3402 τὴν
565 3331 647 3387 πόλιν
662 3331 691 3386 Ρ.
704 3363 738 3372 -
753 3337 785 3385 11
801 3332 849 3385 καί
863 3348 913 3386 om,
924 3330 953 3385 P.
970 3361 1003 3372 -
1019 3336 1052 3385 16
1068 3333 1119 3386 σὺν

108 3404 207 3472 πλήθει
220 3405 250 3459 P.
266 3435 299 3446 -—
320 3409 416 3474 quq.
433 3421 475 3459 ειο
487 3405 520 3458 in
532 3404 567 3457 P:
587 3403 700 3457 καὶτὸν
714 3423 744 3471 φ.
759 3401 890 3470 ἁρπάσας
902 3404 951 3456 κοιλ
964 3402 1016 3472 τὴν
1030 3405 1119 3473 βασιλ.

107 3475 250 3538 άποῦόσας
263 3477 370 3545 ἐσθῆτα
386 3477 437 3530 καὶ
450 3474 506 3544 μέλ.
521 3495 612 3544 χιτων.
629 3474 749 3538 ἐνδήσας
767 3474 816 3528 καλ
834 3472 947 3544 θέσμιον
966 3473 1007 3535 είς
1019 3476 1120 3527 πλοῖον

108 3547 229 3619 ἐμβαλὼν
247 3547 318 3615 πρὸς
335 3546 379 3616 ήρ.
399 3545 483 3616 ἀπήχ.
503 3544 536 3601 ὃν
555 3545 598 3615 ήρ.
616 3549 699 3600 θεασ.
719 3546 768 3599 καὶ
786 3545 885 3601 εἰπάν·
904 3543 1036 3606 οῦτως-
1047 3540 1120 3596 θιοί-

108 3634 192 3688 κησας
205 3617 272 3687 ἐφη·
293 3619 326 3672 σὺ
345 3638 371 3674 κ.
387 3618 424 3690 ἔχ.
440 3620 522 3672 θιοικ.
538 3618 586 3671 καί
600 3626 712 3685 πρῶτον
726 3616 776 3686 μὲν
791 3618 878 3672 αῦτοῦ
892 3616 943 3671 τὸν
957 3614 1006 3671 διὰ
1019 3612 1121 3684 ξίφους
