2617 3909
195 230 260 296 770
505 234 693 286 τοσούτου
711 235 895 286 Momm

194 383 467 462 συναθροισθείσης
494 380 573 462 παρὰ
603 383 832 443 Κωνσταντίνου
859 391 911 442 τού
939 391 1102 460 τηνικαῦτα
1131 383 1216 460 βασι-

194 480 351 552 λεύσαντος
364 478 414 540 καί
429 477 529 552 ἀθέως
542 477 762 558 ὀνομασθείσης
776 478 906 560 ἑβδόμης
920 478 1052 540 συνόδου
1067 473 1118 557 ἐφ’
1131 481 1217 560 ύβρει

94 601 135 640 εει
148 599 177 638 τι.
193 577 244 639 καλ
266 586 454 662 καταστροφῇ
478 587 537 638 τῶν
560 579 728 657 σεβασμίων
751 577 876 640 εἰκόνων
904 576 954 638 καλ
976 578 1218 659 κενολογησάσης

195 677 240 738 δτι
263 673 304 749 ὡς
321 681 406 749 θεοῖς
428 677 548 748 ταύταις
568 677 600 736 οί
615 674 777 756 χριστιανολ
797 677 1036 758 προσεκύνησαν,
1059 674 1218 754 ἀναθεμα-

168 776 299 836 οτίσασα
330 772 362 834 δέ
394 774 464 846 τούς
493 774 602 853 ταύτης
634 773 774 856 ἐξάρχους
805 774 966 835 Θεοδόσιον
996 774 1048 837 τὸν
1075 769 1218 850 Ἐφέσου,

194 873 333 934 Σισίννου
357 870 476 952 Πέργης
503 872 536 933 τδ
563 871 688 950 ἐπίκλην
712 875 896 952 Παστιλλῖιν,
924 874 1081 933 Βασίλειον
1104 865 1217 932 Ἀντιο-

194 971 272 1050 χείας
291 971 431 1042 Πισιδίας
453 970 505 1030 τὸν
524 969 682 1050 λεγόμενον
703 971 920 1051 Τρικάκκαβον,
943 969 998 1052 τὴν
1021 979 1082 1030 τῶν
1102 979 1218 1030 σεπτῶν

194 1067 318 1130 εἰκόνων
341 1066 474 1148 ἀρχῆθεν
496 1067 741 1149 παραδεδομένην
764 1077 799 1153 τῇ
818 1067 957 1152 ἐκκλησία
975 1067 1064 1146 τιμὴν
1085 1067 1218 1128 ἀνανεύ-

195 1183 270 1227 σασα
293 1166 378 1246 ὥρισε
402 1168 615 1247 παραπλησίως
639 1167 748 1239 ταύτας
771 1173 811 1250 τῷ
835 1173 950 1250 σταυρῷ
969 1172 1217 1247 προσκυνεῖσθαι.

68 1285 182 1326 ossum
263 1263 352 1325 Μετδι
374 1266 406 1325 δὲ
430 1274 521 1324 ταῦτα
543 1273 596 1324 τοῦ
619 1263 761 1344 βασιλέως
782 1265 1011 1325 Κωνσταντίνου
1035 1263 1217 1343 μισήσαντος

94 1383 133 1423 σοι
151 1383 180 1421 ιι.
196 1363 250 1442 την
278 1362 385 1424 ἑαυτοῦ
411 1368 540 1443 γυναῖκα
568 1364 694 1442 Μαρίαν
722 1361 772 1422 καὶ
799 1363 854 1440 τὴν
885 1363 1034 1440 Θεοδότην
1062 1361 1216 1441 λαβόντος,

196 1459 330 1541 άπέσχισε
357 1470 410 1539 τῆς
438 1461 596 1533 κοινωνίας
622 1462 771 1541 Ταρασίου
798 1461 924 1521 Πλάτων
953 1458 968 1521 δ
992 1470 1053 1520 τῶν
1076 1464 1216 1544 Σακκου

197 1561 264 1620 δίου
287 1556 453 1640 ἡγούμενος
480 1555 521 1630 ὡς
543 1557 756 1638 ἐπιτρέψαντος
779 1563 985 1638 κουρευθῖχναι
1008 1556 1064 1635 την
1089 1559 1216 1638 Μαρίαν

197 1655 247 1717 καὶ
269 1656 321 1718 τὸν
339 1653 508 1736 ἡγούμενον
525 1665 585 1716 τῶν
602 1660 758 1736 Καθαρῶν
775 1650 885 1735 Ἰωσὴφ
905 1665 1094 1733 στεφανῶσαι
1112 1666 1215 1716 τοῦτον
1284 1695 1285 1740 5

156 1775 184 1815 ιο
198 1752 269 1833 μετὰ
287 1754 434 1833 Θεοδότης
452 1755 657 1831 κελεύσαντος,
676 1754 725 1815 καί
744 1754 795 1815 τὸν
814 1753 906 1814 αύτδν
924 1758 1160 1816 Κωνσταντῖνον
1178 1754 1215 1825 εἰς
1284 1743 1285 1806 λ

180 1853 359 1913 ’κοινωνίαν
382 1852 551 1930 δεξάμενον.
592 1851 758 1914 κάντεῦθεν
781 1851 797 1914 δ
820 1853 957 1932 βασιλεὺς
979 1851 1031 1913 τὸν
1056 1850 1112 1930 μὲν
1137 1852 1214 1912 Πλά-

188 1973 276 2011 τωνα
299 1949 332 2010 έν
354 1957 395 2034 τῷ
417 1951 547 2034 παλατίῳ
570 1951 741 2030 καθεῖρξεν,
769 1949 838 2023 τοὺς
866 1949 897 2011 δὲ
921 1949 1044 2022 λοιποὺς
1068 1949 1214 2030 μοναχυύς
1284 1953 1285 2026 λ

195 2049 289 2109 αύτού
322 2049 379 2109 σὺν
410 2054 472 2121 τοῖς
503 2047 642 2126 ἀνεψιοῖς
674 2047 767 2110 αὐτοῦ
800 2049 984 2129 μαστιγώσας
1017 2047 1158 2129 ἐξώρισεν
1186 2049 1212 2108 ἐν
1284 2037 1285 2064 ’

199 2148 408 2230 Θεσσαλονίκη.
456 2144 509 2218 οδς
531 2143 551 2224 ἡ
575 2146 671 2225 μήτηρ
697 2145 790 2206 αὐτοῦ
813 2145 1070 2226 ύπερασπιζομάνη
1101 2145 1142 2219 ὡς
1165 2146 1212 2224 τὴν

157 2267 183 2305 το
197 2245 386 2323 παρανομίαν
406 2243 574 2325 ἐλέγχοντας
592 2242 727 2323 ἐκίνησεν
751 2243 842 2305 αὐτὸν
860 2238 923 2304 κατ’
946 2242 1039 2323 αύτῖγς
1061 2244 1105 2317 εἰς
1126 2251 1214 2323 μῖσος.
1284 2271 1285 2338 χ

196 2340 305 2420 μαθὼν
333 2340 365 2402 δὲ
393 2341 437 2402 ότι
464 2341 514 2401 καὶ
541 2341 557 2404 δ
581 2340 651 2413 λαδς
679 2339 802 2421 άχθεται
830 2335 893 2401 κατ’
915 2341 1008 2402 αὐτοῦ
1037 2341 1088 2402 καὶ
1116 2344 1215 2422 δυσχε-
1284 2367 1285 2388 ³

196 2441 291 2519 ραίνει
318 2444 443 2519 μᾶλλον,
474 2438 644 2513 ἐξέπλευσεν
672 2440 714 2512 είς
743 2441 846 2511 Πύλας
873 2438 1056 2520 βουλόμενος
1083 2440 1159 2522 πρὸς
1186 2440 1215 2501 τὸ
1284 2399 1285 2494 δ

269 2625 374 2673 10-20
392 2621 427 2686 cf.
443 2619 567 2689 Theoph.
578 2597 609 2688 pL
623 2625 685 2686 469,
701 2626 748 2686 τος
766 2625 828 2688 ιιο,
842 2626 884 2674 24.
900 2652 934 2659 -
950 2625 1057 2688 21-p.
1075 2625 1137 2688 ττι,
1152 2628 1168 2674 5
1184 2623 1214 2685 η.
1284 2585 1285 2672 ἷ

198 2691 324 2760 Theoph.
334 2709 364 2761 p.
381 2698 441 2759 471,
457 2697 498 2745 32.

271 2841 284 2888 1
304 2833 382 2901 παρὰ
396 2841 446 2887 τοῦ
460 2832 522 2888 τότε
537 2835 734 2905 βασιλεύοντος
752 2850 849 2888 κωνστ.
864 2841 914 2888 τοῦ
929 2834 1119 2903 κοπρωνύμου
1133 2834 1170 2888 N.
1186 2866 1215 2874 -
1284 2853 1285 2898 χ

198 2913 214 2960 3
233 2906 282 2960 καί
300 2911 364 2959 ante
382 2905 602 2973 κενολογησάσης
619 2923 670 2961 om.
690 2905 724 2959 N.
747 2937 781 2946 -
805 2912 820 2958 ὅ
839 2905 906 2966 τούς
924 2903 1057 2974 ἐξάρχους
1076 2906 1166 2975 αὐτῆς
1184 2906 1215 2959 N.
1284 2899 1285 2954 λ

198 3011 231 3017 -
252 2984 267 3031 6
288 2975 406 3031 σισίνιον
425 2975 534 3030 ΒΘΕΒ
556 2974 695 3033 σισίυνιον
716 2977 776 3031 rell.
800 3009 835 3016 -
858 2976 907 3030 τὸν
931 2974 1087 3044 ἐπίκληνΒ
1113 2977 1164 3031 τὸν
1188 2977 1216 3030 τὸ
1284 3021 1285 3044 χ

199 3046 286 3104 ἐπίκλ.
305 3048 363 3102 AV.
388 3081 422 3088 —
450 3051 604 3102 παστιλλᾶν
626 3048 681 3102 EV
705 3048 858 3104 παστιλλάν
883 3046 959 3102 ODL
987 3044 1143 3103 παστίλλαν
1165 3048 1218 3102 ΑΜ
1284 3047 1285 3072 ί

137 3176 143 3188 ,
198 3123 342 3188 παστηλᾶν
361 3120 384 3172 Β
406 3119 552 3189 παστηλάν
575 3119 599 3174 G
624 3119 761 3174 παστιλάν
780 3120 812 3172 R.
838 3151 871 3159 —
897 3117 1122 3190 ῖτρικάκκαβον
1141 3118 1218 3172 ADV

198 3189 369 3262 τρικάκαβον
396 3190 456 3244 rell.
486 3223 519 3230 —
549 3197 626 3244 7-9
649 3211 719 3258 τρικ.
743 3191 791 3245 καί
817 3191 1001 3244 άνανεάσασα
1028 3189 1218 3259 τὴν-τιμὴν
1284 3221 1285 3298 ρ

198 3261 281 3329 ὥρισε
303 3262 407 3325 ταύτας
429 3279 525 3330 προσκ.
550 3267 672 3330 παραπλ.
696 3267 733 3334 τῷ
756 3259 838 3335 τιμίῳ
862 3266 972 3334 σταυρῷ
994 3261 1028 3315 Ν.
1054 3293 1088 3301 -
1114 3267 1146 3314 12
1169 3280 1218 3315 σα·
1284 3305 1285 3327 ,

199 3329 316 3384 αυυδίυυ
331 3331 385 3384 ΕΝ
404 3331 536 3386 στουδίου
550 3334 575 3385 A
594 3350 765 3387 κομπάσαντ’.
787 3365 819 3373 -
841 3339 874 3386 14
893 3333 942 3387 τὸν
956 3333 1088 3399 καθαρὸν
1108 3331 1163 3392 ΑΒ.
1184 3366 1216 3373 -
1284 3341 1285 3380 λ

202 3407 232 3452 17
253 3403 392 3469 μοναχυύς
408 3403 608 3457 αύτοῦΑΟΒΙι
627 3407 714 3457 αὑτοῦ
729 3406 871 3475 μοναχυύς
884 3404 969 3457 MRV
988 3405 1075 3457 αὐτοῦ
1089 3421 1140 3458 om.
1156 3404 1216 3456 BE.
1284 3385 1285 3468 λ

202 3501 234 3508 -
256 3475 288 3520 18
308 3474 482 3538 μαστιγώσας
502 3475 553 3527 σὺν
571 3483 630 3536 τοῖς
648 3475 731 3542 άνεψ.
752 3474 959 3541 §eumaeum
980 3506 1013 3514 —
1039 3480 1071 3527 19
1089 3474 1107 3542 ἡ
1127 3475 1217 3543 μήτηρ
1284 3475 1285 3514 ί

202 3539 289 3657 οχύτού
312 3539 410 3660 {evij
427 3540 460 3592 N.
481 3573 514 3580 —
536 3549 641 3611 22-1).
659 3550 748 3610 771,1
769 3547 844 3614 βουλ.
864 3543 1077 3614 παραγενέσθαι
1094 3545 1165 3612 πρὸς
1184 3547 1216 3600 τὸ

229 3625 303 3658 ,των
341 3627 366 3659 ν.
413 3650 417 3659 .
1284 3623 1285 3656 3
