2617 3909
185 239 251 303 426
500 241 687 294 ΓΕΩΡΙῚΟΤ
704 242 887 294 ΜΟΝΑΧΟΤ

185 386 271 466 ὑμῶν
293 387 349 450 οὐκ
371 388 431 450 ἔστι
454 389 551 470 (λεκτά,
573 386 623 451 καί
646 389 681 449 αί
701 390 808 450 θυσίαι
825 387 911 468 ὑμῶν
928 388 985 451 αιἀι
1004 387 1124 468 ήδυνάν
1143 413 1206 468 μοι.

185 486 247 547 καί·
276 486 453 568 συναγάγετε
480 486 516 547 τὰ
543 483 771 565 ὁλοκαυτώματα
799 484 885 566 ὑμῶν
907 487 1061 566 μετὰτῶν
1082 493 1208 549 θυσιῶν

186 581 271 657 ὑμῶν
294 582 344 646 καί
368 584 474 665 φάγετε
496 584 532 645 τά
554 582 636 666 κρέα,
660 584 705 646 ὅτι
727 583 784 646 ονἰιι
801 583 988 664 ἐνετειλάμην
1006 584 1089 665 ὑμῖν,
1112 581 1209 663 ήνίιτα

186 681 330 764 ἐξήγαγον
358 680 436 761 ὑμᾶς
465 681 498 744 ἔτι
519 692 575 764 γῆς
598 682 754 764 Αἰγύπτου
776 680 843 764 περί
865 688 984 744 θυσιῶν
1006 681 1057 744 καί
1079 679 1207 744 δίαιταν·

160 780 336 859 ιτωμάτων.
380 781 443 842 ιιαί·
474 781 504 841 τί
525 803 576 860 μοι
598 785 717 860 πλῆθος
738 788 798 841 τῶν
820 785 939 842 θυσιῶν
961 779 1060 860 θμῶνς
1087 781 1208 861 πλήρης

186 877 246 958 είμί
270 876 520 956 ὁλοκαυτωμάτων
542 886 635 958 τριῶν
657 875 708 939 καλ
731 875 816 958 στέαρ
841 875 942 960 ἀρνῶν
963 877 1014 940 καί
1036 873 1111 959 αίμα
1132 879 1205 940 ταύ-

187 1000 248 1060 ρων
281 973 330 1037 καί
359 975 475 1057 τράγων
503 975 539 1037 οὐ
567 975 727 1055 βούλομαι,
759 968 826 1038 οὐδ’
852 974 890 1037 άν
916 976 1036 1059 ἔρχεσθε
1063 974 1210 1056 ὀφθῆναί

187 1097 247 1153 μοι.
292 1074 336 1147 τίς
358 1071 413 1156 γὰρ
436 1072 587 1153 ἐξεζήτησε
609 1083 701 1135 ταῦτα
721 1073 754 1136 ἐκ
772 1082 832 1135 τῶν
849 1084 955 1157 χειρῶν
976 1073 1077 1153 ὑμῶνς
1100 1080 1209 1136 πατεῖν

187 1171 243 1252 τήν
265 1170 361 1251 αὐλήν
383 1194 442 1251 μου
465 1171 502 1233 οὐ
524 1170 735 1253 προσθήσεσθε
757 1172 807 1233 ἔτι.
853 1171 906 1234 ίαν
928 1169 1036 1253 φέρητέ
1054 1195 1106 1251 μοι
1123 1174 1207 1251 σεμί-

147 1290 174 1332 10
188 1271 288 1349 δαλιν,
311 1269 444 1350 μάταιον.
489 1269 630 1349 θυμίαμα
652 1268 803 1351 βδέλνγμά
826 1270 879 1348 μοί
899 1268 992 1349 ἐστιν,
1020 1268 1073 1342 τὰς
1094 1292 1206 1349 νεομη-

187 1368 254 1442 νίας
275 1368 361 1448 ὑμῶν
383 1366 433 1430 καί
455 1367 491 1429 τὰ
514 1368 648 1448 σάββατα
670 1366 721 1428 καί
744 1364 859 1449 ήμέραν
879 1367 1009 1448 μεγάλην
1027 1366 1084 1429 ονἰιι
1101 1366 1208 1448 ἀνέχο-

188 1491 255 1546 μαι,
286 1467 424 1545 νηστείαν
455 1464 505 1526 καί
536 1464 643 1547 ἀργίαν
674 1463 725 1525 ιιαλ
755 1464 808 1538 τὰς
834 1464 936 1548 ἑορτὰς
961 1464 1049 1544 ὑμῶν
1077 1471 1160 1544 μισεῖ
1183 1464 1206 1545 ἡ

188 1563 271 1643 ψυχή
296 1586 362 1642 μου.
405 1560 567 1644 έγενήθητέ
590 1586 640 1641 μοι
660 1562 703 1636 εἰς
720 1562 905 1642 πλησμονήν.
948 1564 1011 1624 καί·
1034 1561 1210 1642 άπόστησον

189 1655 240 1722 ἀπ’
267 1659 340 1739 ἐμοῦ
367 1652 440 1741 ήχον
468 1653 555 1743 ᾠδῶν
578 1677 647 1740 σου,
675 1659 726 1721 καί
752 1660 874 1740 ψαλμὸν
902 1658 1038 1742 ὀργάνων
1068 1678 1124 1723 σου
1150 1661 1210 1723 ονἰτι

150 1780 176 1821 15
190 1758 364 1837 ἀκούσομαι.
399 1759 462 1819 ιιαί·
486 1757 523 1819 οὐ
546 1756 667 1837 δέξομαι
687 1756 720 1819 ἐτι
738 1766 791 1819 τοῦ
809 1759 895 1820 οἴκου
914 1777 969 1820 σου
988 1758 1116 1839 μόσχους
1134 1757 1210 1821 οὐδὲ

190 1856 223 1918 έιι
250 1865 309 1917 τῶν
336 1856 484 1934 ποιμνίων
508 1873 562 1917 σου
585 1856 754 1937 χιμάρρους.
800 1855 855 1936 ἐμή
878 1856 934 1939 γάρ
958 1856 1036 1919 ἔστιν
1058 1854 1079 1935 ή
1103 1857 1208 1918 οίιιου-

191 1952 266 2034 μένη
288 1952 338 2015 καί
360 1952 392 2015 τὸ
415 1954 560 2037 πλήρωμα
583 1953 684 2032 αὐτῆς.
730 1952 771 2033 μή
795 1954 929 2035 φάγομαι
950 1953 1022 2036 κρέα
1043 1955 1163 2036 ταύρων
1185 1953 1211 2034 ἢ

190 2047 264 2132 αίμα
286 2052 402 2134 τράγων
424 2053 538 2131 πίομαι,
574 2057 674 2113 θῦσον
691 2058 731 2136 τῷ
750 2057 813 2136 θεῷ
828 2053 941 2114 θυσίαν
958 2051 1106 2126 αίνέσεως.
1143 2054 1197 2114 καί
1201 2070 1208 2081 ·

191 2151 286 2212 θυσία
311 2157 351 2235 τῷ
375 2155 437 2235 θεῷ
457 2159 575 2229 πνεῦμα
597 2148 852 2232 συντετριμμένον.
898 2149 948 2211 καί
970 2148 1070 2223 ἁπλῶς
1093 2149 1127 2212 έν
1149 2152 1209 2211 πά-

151 2271 177 2310 no
192 2267 257 2322 σαις
283 2254 348 2321 ταῖς
374 2253 504 2330 γραφαῖς
532 2247 640 2328 ὁμοίως
667 2246 719 2321 τὰς
743 2248 853 2320 θυσίας
879 2246 1074 2309 ἀπαναίνεται
1101 2248 1152 2309 διά
1175 2248 1212 2311 τὸ

192 2346 401 2428 ἐξαμαρτάνειν
428 2345 538 2419 αὐτοὺς
567 2346 609 2419 είς
636 2344 729 2407 αὐτὸν
755 2344 785 2419 ἐξ
808 2343 901 2427 άκρας
923 2347 1028 2419 κακίας
1050 2344 1101 2407 ταί
1123 2345 1210 2407 ἀπει-

192 2445 278 2517 θείας
291 2466 321 2505 τε
339 2443 389 2505 ναί
404 2444 645 2524 σνληροιιαρθίας.
682 2444 798 2523 θυσίαι,
816 2442 872 2525 γάρ
886 2461 991 2524 φησιν,
1009 2442 1125 2524 ἀσεβῶν
1139 2442 1211 2523 βδέ-

265 2602 279 2649 ε
298 2595 354 2651 Jer.
370 2602 394 2664 ι,
410 2602 457 2661 213
473 2602 515 2649 ετ.
534 2628 569 2637 -
588 2601 604 2649 5
623 2596 897 2663 Jes.1,11—14.—
919 2602 951 2651 13
965 2597 1051 2651 Amos
1071 2603 1096 2664 5,
1111 2604 1154 2652 τε.
1173 2630 1208 2638 -
1297 2591 1298 2600 ’

195 2674 227 2722 15
250 2667 352 2722 psalm.
372 2673 405 2722 ιο
426 2669 496 2737 (50),
515 2672 544 2734 9³
565 2672 686 2721 12-14.
715 2698 749 2707 -
779 2672 812 2720 19
835 2667 937 2721 psalm.
957 2673 991 2722 50
1012 2671 1081 2739 (51),
1101 2674 1143 2722 ιο.
1173 2702 1210 2709 -

194 2746 227 2794 22
246 2738 325 2805 Prov,
341 2745 384 2807 21,
399 2744 442 2793 25.

266 2870 279 2918 1
300 2865 351 2918 οὐκ
371 2863 449 2919 έτιΒ
469 2864 520 2919 οὐκ
539 2864 593 2918 είσί
610 2864 725 2919 RVJer.
746 2894 780 2903 -
799 2865 850 2935 οὐχ
868 2862 929 2916 ER.
949 2896 983 2903 —
1002 2862 1112 2934 ήδυναν
1130 2864 1213 2918 ΕΓΒ,

192 2934 302 3003 ήὸυναν
320 2938 379 2990 sine
396 2937 462 3005 spir.
478 2934 530 2988 LP‚
549 2967 586 2974 -
604 2940 619 2988 2
638 2935 707 3004 μετὰ
725 2944 781 2989 τῶν
798 2938 908 2989 θυσιῶν
926 2935 1004 3005 ὑμῶν
1021 2952 1072 2990 om.
1092 2935 1152 2989 DL.
1172 2967 1209 2975 -

193 3012 209 3059 3
225 3005 260 3061 τὰ
274 3004 343 3074 κρέα
357 3006 432 3059 ΑΒΡ
442 3006 535 3061 Οοαεί.
554 3005 589 3060 τὰ
608 3023 658 3061 om.
673 3006 734 3061 rell.
744 3006 799 3060 Jer.
816 3038 851 3047 -
870 3011 886 3059 5
905 3006 954 3060 καί
972 3004 1070 3060 τί-6
1089 3005 1210 3061 ὁλοκαυ-

192 3076 326 3147 τωμάτων
344 3094 394 3133 om.
413 3078 473 3131 ΓΜ.
495 3110 527 3117 -
547 3082 563 3130 6
582 3078 631 3132 ιιαλ
649 3087 736 3146 κριῶν
754 3078 775 3131 F
794 3094 845 3132 om.
860 3076 882 3130 L
900 3084 925 3131 et
942 3094 1013 3131 rece.
1028 3077 1153 3147 quidam.
1173 3110 1208 3119 —

194 3154 209 3202 5
228 3148 339 3219 τράγων
357 3149 406 3202 καλ
424 3148 536 3214 ταύρων
553 3148 638 3201 ELN.
660 3182 693 3189 -
713 3149 845 3275 ἔργεσθαι
859 3147 940 3201 ACM
959 3149 1078 3218 έρχησθε
1096 3148 1209 3204 EFRV.

194 3220 444 3346 -555555
462 3219 660 3346 Α-Βλθίπ
675 3226 808 3354 ⁹555}
826 3220 1032 3358 (ἵεθῶῗῑ
1048 3252 1087 3332 1
1104 3227 1140 3344 θ
1157 3222 1209 3345 ἔτ

193 3311 299 3487 ίιίαιςῖζε
311 3363 362 3488 γαί
375 3312 593 3488 ἀπὲιθείαςῆκαέ
603 3312 639 3416 Ιί.ι
647 3312 731 3415 -ρ-ρθθ
745 3381 775 3417 τε
791 3311 885 3418 οιιίλί.
900 3394 935 3404 -
945 3359 1032 3432 φησίν
1045 3369 1107 3432 post
1119 3359 1209 3435 κυρίῳ

189 3450 220 3501 p.
289 3476 296 3500 ‚
345 3450 398 3489 ww.
455 3451 505 3489 om.
547 3476 552 3487 .

267 3554 299 3602 13
318 3550 367 3604 καὶ
387 3548 538 3620 ἐγενήθητε
556 3548 586 3601 Ρ.
606 3580 640 3589 ·-
661 3551 748 3601 18.19
769 3546 907 3610 αἰνέσεως.
939 3545 1029 3603 θυσία
1048 3548 1100 3618 γὰρ
1120 3553 1159 3621 τῷ
1177 3548 1208 3603 Ρ.

195 3652 228 3661 -
248 3625 282 3674 20
300 3620 350 3683 τὰς
367 3616 473 3683 θυσίας
492 3620 583 3673 αὐτῶν
601 3619 624 3672 Ρ
642 3620 747 3687 (αὐτῶν
765 3639 788 3673 τ.
802 3622 832 3673 θ.
853 3618 964 3689 (ἕστατε).
