2617 3909
178 216 245 282 514
492 218 678 270 Γωοενιοε
695 218 878 270 ωοωκκοε

236 364 325 428 Ἴδετε
347 365 398 428 καί
419 365 455 428 τὰ
478 365 604 445 κοσμικδι
631 366 819 448 δικαστήρια,
849 358 893 428 ὧν
914 376 950 452 τῇ
972 366 1092 452 ἐξουσία
1115 366 1191 447 δρᾶ)ὃ

177 486 231 542 μεν
253 462 416 546 ἀγομένους
439 470 542 541 φονεῖς
565 463 686 544 μοιχοὺς
709 465 885 546 φαρμακοὺς
903 465 1116 546 τυμβωρόχονς
1138 470 1191 550 λη·

177 562 262 643 στάς,
299 561 349 623 καί
384 560 436 634 τάς
472 560 639 644 ἀνακρίσεις
675 561 774 622 αὐτῶν
805 563 1004 643 λαμβάνοντες
1039 561 1100 626 ὑπδ
1131 573 1192 624 τῶν
1298 612 1299 655 ,

176 658 386 743 προσαγόντων
413 659 445 722 οἱ
469 656 630 740 δησάμενοι
652 657 769 739 λέγουσι
790 661 830 744 τῷ
854 660 1024 747 κακούργῳ,
1051 661 1079 722 εί
1100 669 1193 722 ταῦτα
1298 666 1299 723 ί

150 757 271 830 οοότως
298 756 365 837 ἐγοι.
411 755 550 818 κάκείνου
577 756 866 838 συγκατατιθεμένου
896 758 947 820 καί
974 750 1192 839 ὁμολογοῦντος

178 853 234 916 οὐκ
256 851 370 926 εὐθέως
392 852 440 916 ἐπί
463 854 518 933 τήν
536 855 657 917 κόλασιν
675 854 766 917 αὐτὸν
784 855 993 936 ἐκπέμπουσιν,
1016 855 1089 917 ἀλλὰ
1112 858 1192 918 πλεί-

77 973 118 1013 ων
132 972 164 1014 ω.
178 969 244 1012 οσιν
266 948 390 1030 ήμέραις
411 951 467 1030 τήν
489 951 617 1026 ἐξέτασιν
635 952 728 1014 αὐτοῦ
745 963 903 1015 ποιοῦνται
919 953 991 1033 μετὰ
1009 957 1193 1034 συμβουλίας

177 1047 227 1110 καί
259 1046 391 1126 σκέψεως
422 1054 532 1129 πολλῆς
563 1049 613 1111 καὶ
645 1050 805 1132 ζητήσεως,
838 1051 888 1113 καί
916 1052 995 1114 οὑτω
1026 1057 1194 1113 τελευταῖον

178 1145 249 1226 ὅρον
280 1144 330 1208 καί
361 1156 471 1226 ψῆφον
498 1148 634 1209 θανάτου
662 1145 679 1208 δ
707 1146 819 1227 μέλλων
846 1147 980 1231 ἐκφέρειν
1007 1143 1072 1210 κατ’
1098 1150 1193 1212 αὐτοῦ

138 1265 165 1306 ιο
179 1245 253 1325 πρὸς
275 1244 326 1306 τδν
348 1244 435 1324 ήλιον
457 1245 567 1326 ἐπάρας
589 1244 641 1318 τὰς
663 1251 760 1326 χεῖρας
785 1244 834 1307 ἐπὶ
855 1247 976 1308 πάντων
999 1248 1194 1328 διαμαρτύρε-

177 1366 224 1404 ται
256 1341 359 1416 άθῶος
390 1341 533 1424 ὑπάρχειν
566 1353 619 1404 τοῦ
646 1344 769 1422 αἳματος
799 1353 853 1405 τοῦ
883 1343 1064 1426 ἀνθρώπου,
1097 1345 1194 1406 καίτοι

179 1438 261 1513 ὄντες
287 1438 404 1504 ἐθνικοί
431 1439 481 1502 καί
503 1438 591 1502 άθεοι
617 1438 668 1501 καί
695 1438 792 1520 μόνην
813 1442 870 1521 τήν
892 1443 986 1521 φάσιν
1011 1442 1127 1523 ἔχοντες
1149 1444 1194 1504 διὲ

178 1538 335 1599 δάσκαλον.
381 1537 465 1616 ὑμεῖς
488 1535 520 1598 δὲ
541 1539 736 1619 γινώσκοντες
754 1537 829 1599 θεόν
846 1539 898 1601 τδν
915 1539 1051 1614 ἐτάζοντα
1069 1541 1194 1622 καρδίας

178 1633 228 1695 καί
256 1634 386 1715 νεφροὺς
415 1634 466 1696 καί
494 1636 634 1698 συνιόντα
661 1636 703 1709 εἰς
730 1637 827 1698 πάντα
853 1637 888 1697 τδι
909 1637 980 1719 ἔργα
1002 1635 1088 1717 ήμῶν
1111 1637 1193 1723 πόσῳ

141 1753 167 1795 ιτ
181 1737 292 1810 μᾶλλον
324 1729 452 1809 ὀφείλετε
485 1732 555 1811 μετὰ
582 1738 693 1814 πολλῆς
720 1734 842 1817 ἐρεύνης
868 1735 924 1814 τήν
950 1737 1070 1797 δικαίαν
1096 1737 1195 1816 κρίσιν

179 1830 305 1910 κρίνειν,
334 1829 378 1891 ὅτι
405 1839 457 1892 τοῦ
485 1832 591 1912 κυρίου
614 1829 633 1910 ἡ
658 1834 752 1913 κρίσις
774 1841 828 1895 τοῦ
851 1832 1005 1912 μέλλοντος
1026 1832 1195 1895 ἀποδοῦναι

180 1925 290 2014 ἑκάστῳ
319 1927 392 1989 κατδι
418 1927 454 1990 τὰ
481 1928 550 2010 ἔργα
577 1929 679 1992 αὑτοῦ.
725 1928 775 1991 διὰ
802 1929 841 2009 δή
868 1940 954 1993 τοῦτο
981 1937 1124 2012 παραινεῖ
1145 1929 1195 1992 καί

180 2027 413 2108 προμαρτύρεται
450 2027 616 2109 διαρρήδην
648 2027 793 2108 Σολομὼν
825 2028 930 2111 λέγων·
969 2027 1113 2090 όικοάσατε
1144 2027 1195 2089 καὶ
1299 2048 1300 2051 ’

180 2123 360 2186 ἐνωτίσασθε
383 2124 489 2198 πάντες
512 2126 544 2186 οί
563 2135 739 2206 κρατοῦντες
756 2118 905 2207 πλήθους,
928 2127 972 2188 ότι
989 2126 1069 2207 παρὰ
1087 2128 1194 2208 κυρίου
1299 2164 1300 2189 1

142 2242 168 2282 το
183 2221 277 2302 ἐδόθη
301 2219 320 2302 ή
344 2223 483 2303 κράτησις
505 2222 578 2303 ὑμῖν
600 2221 650 2284 καί
675 2220 695 2302 ή
718 2223 874 2284 δυναστεία
896 2222 976 2304 παρὰ
998 2222 1139 2304 ὑψίστου,
1162 2221 1195 2296 ὃς
1299 2218 1300 2271 ἶ

182 2320 306 2393 ἐξετάσει
328 2317 413 2400 ὑμῶν
430 2319 466 2380 τά
484 2320 554 2402 ἔργα
574 2320 624 2382 καί
641 2320 694 2394 τὰς
712 2319 823 2402 βουλάς
840 2321 1030 2402 διερευνήσει,
1053 2321 1098 2382 ότι
1115 2320 1194 2401 ὑπη
1299 2312 1300 2335 ³

180 2414 260 2498 ρέται
288 2415 369 2490 όντες
396 2427 448 2497 τῆς
476 2418 568 2480 αὐτοῦ
595 2420 744 2499 βασιλείας
770 2418 827 2480 οὐκ
848 2419 978 2500 ἐκρίνατε
1001 2416 1102 2501 ὀρθῶς
1124 2417 1195 2482 οὐδὲ
1299 2418 1300 2447 ³

181 2512 343 2591 ἐφυλάξατε
371 2515 465 2593 νόμον
492 2514 562 2577 οὐδὲ
590 2515 665 2577 κατὰ
686 2517 741 2597 τήν
764 2517 878 2596 βουλήν
899 2526 953 2578 τοῦ
974 2521 1050 2578 θεοῦ
1072 2515 1195 2597 ἐπορεό-

182 2605 277 2688 θητε.’
311 2620 441 2690 φρικτῶς
472 2611 522 2672 καί
553 2613 661 2692 ταχέως
692 2614 874 2693 ἐπιστήσεται
900 2614 972 2693 ὑμῖν
999 2614 1119 2696 ἔρευνα,
1151 2615 1196 2676 ὅτι

86 2839 93 2852 ,
256 2786 342 2835 1—13
358 2780 450 2850 eonst.
461 2782 557 2851 Apoqt.
568 2783 601 2851 Η,
614 2791 656 2838 52.
672 2816 706 2824 -
723 2785 1145 2856 13Psalm.7,10;32(33),15.
1162 2819 1195 2830 -

185 2857 217 2904 16
236 2851 314 2907 Rom.
330 2859 355 2922 2,
370 2859 394 2906 6.
415 2885 448 2892 —
469 2859 502 2908 18
521 2853 585 2923 Sap.
601 2861 626 2922 6,
642 2861 721 2926 1εηη.

254 3018 270 3066 ο
285 3013 343 3083 ἐγοι
353 3012 483 3068 AODPV
497 3013 552 3084 ἔχει
566 3014 625 3070 rell.
637 3014 730 3070 Cenat.
742 3047 775 3055 -
786 3016 1032 3085 συγκαταθεμένου
1042 3015 1196 3073 ΟΗΟοοελ.

183 3083 421 3153 συγκατιθεμένου
440 3085 469 3138 P.

256 3241 270 3288 1
290 3234 363 3290 ίδετε
377 3237 408 3291 δὲ
422 3237 472 3290 καί
485 3237 507 3289 Ρ
521 3236 564 3306 (δὲ
577 3239 659 3292 etiam
673 3237 786 3308 Θυνοί),
800 3269 835 3278 -
855 3244 870 3291 2
888 3239 1086 3311 τομβωράγους
1098 3256 1150 3295 σοι.
1166 3239 1196 3296 P.

183 3304 261 3360 εἐιυίί.
277 3303 369 3360 Com.
388 3337 422 3348 -
442 3313 475 3361 16
495 3308 708 3363 ἀνταποδοῦναι
726 3309 756 3362 Ρ.
776 3340 809 3350 -
833 3315 866 3363 17
887 3311 954 3366 Post
970 3311 1057 3364 αὑτοῦ
1075 3311 1098 3364 Ρ
1117 3312 1197 3366 (τάδε

184 3373 298 3442 ἐπείπερ
326 3386 431 3444 σειραῖς
462 3387 518 3432 τῶν
546 3378 647 3434 ἑαυτοῦ
675 3378 881 3448 ἁμαρτημάτων
905 3380 1019 3444 ἕκαστος
1050 3379 1196 3451 σφίγγεται

185 3445 273 3515 (Prov.
294 3453 323 3511 5,
339 3449 391 3517 22).
424 3445 485 3501 καί·
514 3449 578 3504 ίδοδι
606 3449 759 3516 όίνθρωπος
786 3451 835 3504 καλ
861 3451 892 3505 τδ
920 3452 1003 3521 ἔργον
1030 3453 1117 3507 αὐτοῦ
1141 3455 1196 3522 πρδ

184 3517 336 3584 προσώπου
353 3519 440 3572 αὐτοῦ
453 3517 608 3590 γέγραπται
622 3519 687 3589 (ίοε.
702 3527 745 3588 62,
762 3524 813 3590 11).
829 3553 864 3562 -
884 3528 916 3576 18
934 3527 988 3578 οολ.
1004 3523 1018 3577 δ
1033 3525 1197 3591 σοφώτατος

185 3585 271 3658 λέγων
290 3587 319 3641 Ρ.
340 3620 373 3629 -
394 3593 426 3642 19
446 3589 641 3652 κατοίκοῦντες
658 3591 688 3643 Ρ.
1131 3625 1134 3630 -
