2617 3909
520 229 710 280 XPONIKON
1060 227 1124 291 779

91 375 328 457 ἀπορηθέντων
346 375 396 437 καί
414 375 507 454 μηδὲν
526 374 761 457 ἀποκριθέντων,
779 374 864 456 ήρετο
884 376 973 437 πάλιν
992 376 1007 439 δ
1023 398 1124 456 πατρι-

89 475 208 555 άρχης·
237 474 341 536 ἔπεσον
363 473 412 536 ἐπὶ
430 473 562 546 Λέοντος
584 473 634 534 καὶ
655 476 885 535 Κωνσταντίνου
909 485 968 536 τῶν
984 468 1125 554 Ἰσαύρωυ

90 573 128 632 αί
151 572 245 653 άχιαι
267 573 379 647 εἰκόνες
406 570 426 652 ή
450 570 501 648 ού;
529 581 589 632 τῶν
617 571 649 633 δὲ
672 573 916 634 κατάνευσάντωυ
943 572 993 633 καὶ
1020 571 1052 633 τὸ
1075 572 1125 633 ναί

90 670 342 751 προσειπόντων·
368 669 481 731 ούκοῦν
504 670 621 731 ἵσταντο
644 671 777 750 πάντως,
800 671 870 750 ἔφη,
894 670 943 733 καί
966 663 1053 752 ήσαν,
1076 669 1126 731 καί

90 767 250 848 ἀρχαϊκὸν
273 767 373 828 αύτῶν
395 767 428 828 τὸ
446 767 651 847 ἀναστήλωμα.
693 767 799 849 τὸγὰρ
824 769 864 848 μή
888 767 925 830 δν
948 767 1022 848 μηδὲ
1046 770 1125 830 ἱστά-
1154 790 1165 829 ε

92 888 194 944 μενον
231 876 294 938 πῶς
321 861 398 926 είναι
426 866 551 927 δύναται
578 864 598 945 ή
626 872 741 942 πεσεῖν;
774 861 835 928 εἶτα
863 866 913 928 καί
945 877 1003 928 τῶν
1030 865 1125 928 ἀλλων

90 963 277 1027 ἐπισκόπων
307 964 428 1025 τοιαύτά
455 986 521 1024 τινα
552 965 769 1045 προτεινόντων
801 966 843 1038 είς
874 963 1046 1046 ἀνατροπὴν
1074 975 1126 1044 τῆς

93 1061 246 1141 αἱρέσεως
270 1061 286 1124 ό
310 1061 387 1142 ἱερὸς
409 1061 572 1140 Εὐθύμιος
594 1062 716 1142 Σάρδης
739 1063 1016 1144 παρρησιασάμενος
1039 1062 1125 1146 λέγει’

96 1159 244 1243 πρόσεχε,
268 1161 403 1240 βασιλεῦ,
430 1166 493 1233 τοῖς
516 1155 556 1220 δι’
579 1159 720 1239 ἐπιτομῆς
743 1159 971 1240 ῥηθησομένοις.
1013 1158 1068 1240 ἀφ’
1090 1154 1126 1222 ού

95 1258 237 1339 Χριστὸς
261 1249 355 1336 ήλθεν
379 1256 427 1318 ἐπὶ
449 1268 503 1337 τῆς
524 1268 579 1338 γῆς
602 1256 684 1338 μέχρι
707 1268 764 1318 νῦν
789 1256 945 1320 ὀκτακόσια
967 1265 1126 1341 παρῆλθον
1142 1282 1167 1321 ιο

97 1356 154 1436 ἔτη
195 1355 248 1416 καὶ
280 1365 430 1436 πανταχοῦ
467 1362 691 1437 σκιαγραφεῖται
726 1357 853 1437 Χριστὸς
889 1357 939 1418 καὶ
971 1357 1003 1418 εὐ
1035 1359 1126 1420 εἰκόνι

97 1459 327 1533 προσκυνεῖται.
373 1459 458 1526 ποῖος
481 1446 538 1515 οὗν
561 1453 702 1532 αὐθάδης
724 1455 876 1534 τολμήσειε
901 1455 955 1535 τήν
978 1457 1126 1517 τοσούτων

96 1553 223 1632 χρόνων
252 1549 452 1629 ἀποσιολικήν
478 1575 508 1612 τε
535 1551 584 1612 καὶ
612 1552 759 1634 πατρικήν
786 1555 952 1636 παράδοσιν
982 1553 1127 1634 ἀθετῆσαι

98 1648 119 1729 ή
143 1654 376 1730 μετασαλεύσαι;
400 1650 524 1728 μάλιστα
546 1659 598 1712 τοῦ
619 1649 785 1712 ἀποστόλου
809 1651 955 1732 λέγοντος·
980 1651 1037 1735 ἀρα
1060 1645 1126 1732 ούν,

98 1747 244 1827 ἀδελφοί,
267 1748 384 1826 στήκετε
403 1745 453 1808 καὶ
472 1755 599 1827 κρατεῖτε
617 1747 669 1821 τὰς
688 1750 876 1831 παραδόσεις,
898 1749 933 1823 ἀς
951 1751 1126 1831 ἐδιδάχθητε
1142 1772 1166 1812 ιτ

98 1846 159 1907 εἴτε
191 1845 243 1906 διὰ
270 1846 360 1926 λόγου
387 1846 442 1907 εἴτε
471 1841 511 1907 δι’
538 1846 692 1926 ἐπιστολῆς
718 1845 812 1926 ήμῶν.
859 1847 916 1910 κάν
943 1847 1064 1931 άγγελος
1097 1849 1126 1923 ἐξ

94 1944 243 2026 ,ούρανοῦ
256 1943 466 2024 εὐαγγελίζεται
480 1943 552 2024 ύμῖν
571 1939 640 2024 παρ’
658 1941 675 2005 δ
689 1946 874 2027 παρελάβετε,
893 1945 1032 2026 ἀνάθεμα
1046 1947 1126 2008 ἔστω.

102 2037 176 2120 μεθ’
198 2038 234 2101 δν
257 2039 407 2122 ἀπεκρίθη
431 2041 481 2102 καὶ
502 2043 656 2124 Θεόδωρος
679 2041 695 2104 δ
715 2045 845 2124 ζηλωτής
867 2044 918 2104 καὶ
940 2044 1052 2126 θερμὸς
1075 2055 1127 2124 τῆς

102 2138 292 2220 όρθοδοξίας
320 2139 471 2220 πρόμαχος
498 2139 548 2202 καί
570 2150 629 2200 τῶν
652 2142 803 2202 Στουδίου
831 2139 995 2222 ἡγούμενος
1022 2141 1126 2224 λόγων·

104 2237 147 2317 μῆ
169 2237 365 2317 παρασάλευε,
388 2240 519 2318 βασιλεύ,
542 2238 720 2299 κατάστασιν
738 2239 988 2318 ἐκκλησιαστικήν.
1030 2241 1127 2321 εἴρηκε
1142 2264 1168 2302 εο

104 2334 164 2416 γὰρ
185 2331 202 2394 ὅ
222 2332 395 2409 ἀπόστολος
419 2335 469 2398 καὶ
492 2335 546 2410 οδς
564 2334 619 2414 μὲν
637 2337 722 2398 ἔθετο
744 2335 759 2396 δ
779 2337 850 2410 θεὸς
873 2337 904 2399 ἐν
923 2347 959 2423 τῆ
978 2339 1128 2422 ἐκκλησία,
1143 2362 1182 2402 εει
1196 2361 1226 2400 τι.

100 2443 229 2513 Ιπρῶτον
247 2432 439 2514 ἀποστόλους,
459 2435 596 2514 δεύτερον
614 2435 782 2515 προφήτας,
801 2437 898 2517 τρίτον
916 2435 1059 2516 ποιμένας
1078 2436 1127 2498 καὶ

110 2531 320 2603 διδασκάλους.
367 2532 422 2593 ούκ
449 2527 512 2593 εἶπε
540 2533 677 2612 βασιλεῖς.
723 2532 770 2594 σοί
795 2531 926 2616 μὲνγὰρ
949 2531 968 2613 ή
992 2535 1126 2613 πολιτική

102 2629 288 2713 ,κατάστασις
310 2628 473 2708 εἰτιστεύθη
495 2629 545 2690 καὶ
568 2630 600 2690 τὸ
619 2631 823 2712 στρατόπεδον.
860 2632 973 2693 τούτων
992 2633 1127 2714 φρόντιζε

108 2725 161 2786 καί
185 2727 240 2806 τήν
264 2726 421 2805 ἐκκλησίαν
444 2728 531 2788 ἔασον
554 2727 672 2806 ποιμέσι
697 2727 746 2789 καὶ
770 2730 957 2802 διδασκάλοις
980 2729 1053 2791 κατὰ
1075 2729 1127 2791 τὸν
1142 2755 1167 2794 εε

84 2829 198 2900 ,θεῖον
222 2823 318 2905 λόχον.
360 2825 387 2885 εἰ
409 2823 440 2886 δὲ
460 2827 499 2905 μῆ
520 2827 620 2905 βούλει
642 2828 758 2899 τούτοις
781 2826 932 2909 προσέχειν
955 2829 1052 2889 εἵνεκα
1075 2839 1127 2906 τῆς

184 3020 273 3082 6-1).
289 3019 348 3080 780,
359 3020 375 3066 3
389 3013 577 3068 Theostericti
589 3015 650 3068 vita
659 3014 779 3069 Nicetae
792 3034 832 3086 ομ,
844 3022 886 3070 35.
897 3049 931 3056 -
948 3024 980 3071 14
995 3025 1019 3070 2.
1031 3018 1126 3072 Thess¹

111 3091 195 3152 215.
216 3118 249 3124 —
272 3092 304 3139 16
324 3085 384 3140 Gal.
402 3092 426 3150 1,
445 3091 469 3140 8,
490 3119 523 3127 -
544 3093 576 3140 21
596 3086 698 3156 Ephes.
715 3094 797 3153 4,11.

185 3263 198 3308 1
219 3256 302 3322 ἀπορ.
323 3256 371 3309 καί
390 3256 478 3323 μηδὲν
501 3272 551 3311 om.
571 3256 602 3308 R.
628 3288 661 3295 —
686 3254 883 3324 ἀποριθέντων
903 3259 926 3310 Α
948 3257 1127 3327 ἀπορρηθίν-

111 3345 167 3380 των
180 3325 213 3380 Ι),
230 3357 264 3366 —-
285 3331 299 3378 7
319 3326 436 3380 τοιαῦτά
449 3346 514 3380 τινα
528 3326 602 3380 ABV
616 3347 680 3380 τινα
696 3345 747 3381 om.
763 3327 821 3381 rell.
840 3360 873 3368 -
894 3335 910 3381 8
930 3329 1056 3395 σάρδεων
1071 3331 1126 3383 BV.

114 3427 147 3435 -
168 3403 201 3450 10
220 3401 370 3465 παρῆλθον
389 3398 435 3467 ἔτη
454 3398 503 3450 AB
527 3398 572 3466 ἔτη
595 3401 747 3466 παρῆλθον
765 3399 825 3452 rell.
850 3432 882 3438 —
908 3407 941 3453 14
961 3397 1017 3468 ἆρα
1036 3401 1126 3454 BMV.

114 3499 148 3507 -
168 3474 201 3521 15
221 3468 392 3540 ἐδιδάχθητε
406 3470 455 3522 AB
465 3470 576 3524 Theost.
599 3469 770 3541 παρελάβετε
783 3471 810 3523 N
828 3472 876 3524 καί
894 3471 1064 3544 παρελάβετε
1078 3471 1127 3524 EL

115 3537 224 3610 ἐλάβετε
241 3541 300 3594 RV.
321 3573 354 3580 —
376 3547 407 3594 16
426 3541 505 3610 ἡμῶν
525 3557 575 3595 ονε.
590 3540 648 3594 RV.
669 3574 703 3580 —
723 3548 756 3595 ‘25
776 3543 824 3595 καλ
842 3542 905 3614 τήν]
924 3543 974 3612 τήν
994 3544 1025 3598 δὲ
1041 3543 1073 3596 N.
1095 3575 1127 3582 —

115 3615 149 3664 26
168 3610 262 3666 εἵνεκα
276 3611 353 3665 ELV
362 3612 474 3666 Theost.
499 3613 524 3666 εί
542 3611 624 3667 ἕνεκα
638 3613 665 3665 N
689 3611 770 3667 ἕνεκα
785 3613 833 3667 ΑΒ
853 3615 901 3668 καί
920 3610 994 3669 εἶναι
1012 3614 1080 3683 μετδι
1094 3614 1127 3668 R.
