2617 3909
201 228 268 292 490
511 230 698 282 ΓΕΩΡΙἾΟΤ
714 231 898 283 MONAXOT

201 377 386 460 χριστιανούς
409 377 479 458 μετὰ
502 387 588 458 τιμῆς
605 376 818 459 έπανέρηεσθαι
838 377 913 460 πρὸς
930 379 965 440 τὰ
983 380 1056 461 ἴδια,
1079 380 1132 441 καλ
1149 380 1221 454 τούς
1291 282 1293 439 ἰ

202 475 254 556 μὲν
273 475 366 550 ναούς
384 485 443 537 τῶν
461 476 591 538 εἰδώλων
610 475 874 559 καταστρέφεσθαι,
892 476 944 552 τὰς
963 476 995 540 δέ
1013 487 1067 539 τού
1085 483 1221 561 Χριστοῦ

201 575 354 654 ἐκκλησίας
377 574 615 653 οἰκοδομεῖσθαι,
643 572 694 636 καί
720 573 795 656 πρὸς
817 576 933 648 τούτοις
954 574 1070 650 ἐξέθετο
1092 576 1145 638 καλ
1167 577 1221 640 νύ·

202 694 276 752 μους
299 671 480 745 καθολικούς
502 672 573 734 ὥστε
592 671 794 735 ἀποδίδοσθαι
811 673 881 748 τούς
898 683 958 735 τῶν
974 672 1106 735 εἰδώλων
1125 675 1222 748 ναούς

177 776 265 843 σταῖς
292 772 331 854 τῷ
351 774 466 854 Χριστῷ
491 769 675 852 λερωμένοις,
701 770 752 832 καί
774 769 959 852 χριστιανούς
982 770 1094 850 μόνους
1118 770 1223 854 ἀρχειν
1293 756 1294 843 λ

202 866 251 928 καί
275 868 500 950 στρατεύεσθαι,
524 868 574 930 καί
596 869 719 950 τετράδα
741 868 791 930 καλ
813 868 1004 949 παρασκευὴν
1025 870 1141 943 πάντας
1164 896 1219 952 νη-

203 964 315 1026 στεύειν
338 964 387 1027 καί
410 965 464 1045 τὴν
487 965 634 1048 κυριακὴν
657 965 757 1048 ἀργεῖν
779 965 830 1027 καί
852 977 949 1047 τιμάν,
971 966 1023 1040 τὰς
1041 966 1095 1047 μὲν
1115 968 1168 1029 διὰ
1186 969 1219 1030 τὸ

103 1074 143 1116 8⁹0
156 1075 187 1113 M·
202 1063 316 1144 πάθος,
348 1062 402 1142 την
433 1061 464 1126 δέ
492 1064 541 1126 διὰ
568 1065 624 1144 τὴν
650 1063 812 1126 ἀνάστασιν
838 1074 891 1126 τού
918 1066 1039 1145 κυρίου,
1071 1065 1123 1127 καὶ
1142 1060 1219 1129 Ἰου-

203 1161 306 1235 δαίους
333 1160 446 1236 οἰκέτας
474 1162 514 1242 μὴ
537 1160 681 1224 ,ἀνᾶσθαι
708 1162 779 1241 μήτε
800 1164 910 1237 θυσίας
931 1163 1101 1244 προδήλους
1124 1171 1219 1227 ποιεῖ-

163 1279 188 1318 ω
203 1264 290 1341 σθαι,
318 1259 369 1321 καί
391 1262 506 1346 σταυρῷ
527 1258 629 1340 μηκέτι
651 1260 901 1334 καταδικάζεσθαί
925 1283 991 1322 τινα
1014 1261 1065 1323 διά
1086 1263 1120 1324 τὸ
1144 1264 1221 1345 πρὸς

201 1357 253 1419 τὸν
276 1359 404 1438 σταυρὸν
426 1368 479 1420 τοῦ
502 1363 632 1440 Χριστοῦ
654 1355 754 1437 σέβας,
783 1364 844 1431 τοῖς
860 1356 899 1418 δέ
921 1359 1100 1437 νομίσμασιν
1124 1359 1219 1422 αύτυύ

97 1535 99 1538 Ι
201 1453 251 1515 καὶ
277 1455 370 1518 εἰκόσι
397 1455 450 1516 τὸν
477 1454 604 1536 σταυρὸν
630 1462 891 1518 συνεκτυποῦσθαι
913 1456 1045 1517 πάντοτε.
1091 1456 1142 1518 καί
1165 1482 1219 1538 W
1296 1484 1297 1491 ¹

202 1558 291 1612 ναῖκα
319 1551 372 1631 μέν
400 1547 455 1632 εἰχε
479 1553 658 1633 Μαξιμίναυ
685 1552 835 1635 θυγατέρα
857 1558 1089 1634 Διοκλητιανσύ,
1122 1555 1153 1629 ἐξ
1182 1548 1219 1634 ἦς
1296 1544 1297 1547 ¹

203 1647 358 1730 ἐγέννησεν
377 1650 463 1722 υἱούς
481 1656 567 1731 τρεῖς,
585 1654 814 1712 Κωνσταντῖνον
831 1651 882 1712 καλ
896 1651 1040 1712 Κώνσταν
1058 1650 1109 1712 καί
1128 1655 1216 1714 Κων-

164 1767 189 1806 ιι
204 1747 349 1826 στάντων,
372 1745 521 1826 ἀδελφούς
545 1745 576 1809 δέ
599 1749 768 1827 Δαλμάτιον
793 1747 844 1809 καὶ
868 1748 1087 1827 Κωνστάντων,
1110 1749 1218 1822 οἵτινες

203 1843 288 1924 ἔσχον
309 1845 406 1924 υἱούς,
429 1845 596 1924 Δαλμάτιος
620 1844 673 1925 μέν
696 1844 785 1908 ἀλλον
807 1846 987 1925 Δαλμάτιον,
1009 1847 1218 1920 Κωνστάντως

204 1941 235 2004 δέ
259 1941 374 2004 Γάλλον
396 1942 445 2004 καί
465 1937 635 2006 Ἰουλιανόν.
775 1947 778 1950 ’

268 2035 322 2102 Ἐν
346 2040 379 2104 δέ
400 2064 432 2123 γε
455 2048 494 2126 τῷ
513 2043 682 2127 καπετωλίῳ
702 2035 814 2121 Ῥώμης
832 2041 864 2103 ἔν
882 2065 940 2102 τινι
961 2041 1120 2102 καταδύσει
1139 2044 1218 2122 βαθ-

204 2139 278 2220 μούς
301 2139 408 2225 έχούση
431 2136 490 2213 τξε’
513 2140 631 2220 δράκων
649 2133 689 2219 ἦν
706 2138 910 2221 παμμεγέθης,
933 2135 966 2212 δς
984 2138 1129 2217 ἐξαίφνης
1147 2145 1217 2202 πολ-

70 2258 148 2298 ιειια.
163 2259 189 2298 ω
203 2238 286 2311 λάκις
308 2238 508 2318 παρακύπτων
531 2248 583 2318 τῆς
605 2238 792 2310 καταδύσεως
814 2237 984 2317 ἐλυμαίνετο
1008 2237 1126 2317 σφόδρα
1149 2238 1218 2311 τούς

275 2404 361 2453 6-12
385 2399 516 2468 Epitome
539 2399 693 2454 ecclesiast.
718 2416 733 2455 e
755 2399 895 2454 Tbeodori
920 2399 1044 2453 Laetoria
1068 2398 1141 2452 Hist.
1166 2400 1218 2453 tri-

203 2470 317 2540 partita.
341 2473 375 2538 cf.
391 2471 480 2526 Cram.
491 2472 596 2526 Anecd.
607 2471 641 2539 H,
651 2477 695 2539 91,
705 2476 753 2538 283
767 2476 837 2537 95,8
856 2470 980 2540 Τλισορλι.
987 2487 1017 2538 p.
1029 2475 1099 2536 36,σ
1117 2469 1218 2540 Polyd.

199 2561 228 2611 μ.
245 2546 342 2609 εσσε
361 2548 386 2596 ιι
403 2548 498 2610 330‚1
523 2542 579 2596 Leo
599 2541 720 2596 Gramm.
734 2560 763 2612 p.
779 2547 822 2608 84,
837 2546 867 2608 53
883 2549 924 2596 ιι.
944 2573 977 2581 -
998 2546 1111 2596 ιι-ιι
1130 2543 1168 2597 ω.
1183 2544 1218 2609 of.

203 2613 267 2666 Exo.
278 2612 341 2666 Bar.
353 2612 477 2682 Theoph.
489 2631 518 2682 μ.
531 2619 573 2680 10,
584 2619 617 2666 29
636 2614 734 2682 Polyd.
747 2631 775 2683 μ.
786 2618 839 2667 360
847 2615 896 2681 fin.
920 2612 1101 2681 (Maximinae
1114 2628 1218 2668 nomon

203 2684 340 2738 insertum
353 2698 387 2736 ex
401 2684 472 2738 actis
487 2683 513 2738 S.
530 2683 675 2754 θύσεσθαι.)
686 2718 721 2725 -
738 2683 1034 2754 18-p.491,11Vita
1047 2683 1074 2738 S.
1089 2683 1219 2739 Silvestri

204 2757 242 2810 αἰ.
259 2754 395 2810 Combefis
410 2772 439 2824 ρ.
456 2760 515 2810 269.

275 2898 346 2960 1είς
357 2897 393 2952 τά
407 2897 467 2952 ίδια
481 2897 565 2952 BFR.
581 2931 614 2939 -
634 2897 1218 2969 220f10m.BFV.-mmmmm)

203 2969 249 3023 Ac
255 2969 348 3023 FLPR
361 2970 497 3025 ὠνεῖσθαι
511 2969 563 3040 (δν.
577 2969 607 3024 Μ
622 2970 751 3038 ὠνῆσθαι
760 2969 795 3038 D)
805 2968 893 3023 BNV.
903 3001 940 3010 —
954 2973 1037 3023 10.11
1053 2968 1102 3023 διὰ
1116 2970 1218 3096 τδν(ηδ

203 3040 251 3095 τὸν
266 3041 296 3110 C)
315 3040 436 3110 σταυρὸν
454 3050 504 3096 τοῦ
521 3049 634 3114 χριστοῦ
654 3038 764 3111 (κυρίου
779 3039 817 3111 C),
836 3049 895 3104 τοῖς
907 3059 938 3094 τε
952 3040 1026 3095 OLR
1043 3060 1073 3095 τε
1086 3042 1170 3096 etiam
1211 3085 1219 3095 .

204 3143 237 3151 —
258 3118 290 3165 12
309 3112 359 3167 τδν
378 3113 499 3180 σταυρὸν
518 3131 568 3169 om.
584 3111 665 3166 CLV.
684 3143 720 3153 —
738 3112 787 3166 τὸν
802 3112 923 3180 σταυρὸν
941 3119 991 3166 τοῦ
1004 3119 1118 3182 χριστοῦ
1132 3111 1168 3167 Ν.
1182 3145 1220 3154 -

204 3187 238 3235 13
257 3178 312 3253 εἰχε
331 3184 499 3254 μαξιμιαυοῦ
517 3182 677 3255 θυγατέρα,
701 3183 729 3248 ἐξ
748 3178 784 3250 ἧς
801 3184 824 3237 Β
842 3185 890 3238 sed
907 3184 942 3249 cf.
961 3184 1022 3236 Act.
1039 3181 1064 3236 S.
1080 3182 1219 3238 Silvestri.

203 3285 237 3293 -—
256 3255 472 3325 Διοκλητιαυοῦ]
492 3256 661 3324 μαξιμιανοῖι
680 3255 709 3308 λ’.
730 3287 762 3295 -
789 3259 821 3308 15
840 3253 872 3309 δέ
891 3255 942 3308 δύο
961 3253 1166 3322 δαλμ.1ἰλ7.-
1184 3256 1217 3310 δέ

203 3319 259 3394 εἶχε
278 3326 357 3392 δαλμ.
377 3325 406 3378 F.
426 3357 460 3365 -
480 3331 513 3379 18
533 3325 565 3381 δέ
581 3345 611 3396 γε
624 3325 727 3380 ABPV
745 3345 776 3396 γε
794 3342 844 3380 om.
862 3325 922 3379 rell.
942 3355 975 3365 ·—
995 3330 1029 3378 20
1047 3326 1219 3394 προκύπτων

204 3395 360 3464 ί-κύμιιτων
379 3395 413 3466 V)
432 3395 487 3474 LV.

276 3542 309 3590 15
329 3536 710 3605 ἀδελφούς-κωνσιάντιον
733 3555 783 3592 σοι.
803 3538 825 3592 Ρ
848 3555 882 3594 ex
899 3540 1048 3594 homoeotel.
1071 3571 1103 3578 -
1130 3544 1163 3592 19
1188 3537 1221 3604 ὃς

205 3607 232 3673 έξ
251 3603 416 3675 ἀκρούπτου
434 3605 565 3669 πολλάκις
583 3607 731 3677 αἰφνίδιον
749 3611 935 3678 παρακύπτον
953 3611 982 3664 P.
