2617 3909
190 207 253 270 794
501 209 688 260 ισκσυυου
707 210 891 260 Μοωικον

184 353 308 435 λισταὴ
332 357 416 429 πόλις
439 356 496 418 οὐκ
517 351 593 436 εἶχεν
613 350 746 430 Ἐζεκίαν
774 356 881 437 εὐσεβῆ
909 356 959 418 καί
986 357 1128 438 ἐνάρετον
1153 360 1208 437 βα-

185 453 279 533 σιλέα,
306 448 368 516 ἀλλ’
390 453 427 516 οὔ
454 456 484 515 τί
504 477 565 516 που
593 455 643 516 διὰ
670 456 725 534 τὴν
751 463 804 516 τοῦ
826 465 1007 536 κρατοῦντος
1032 455 1066 516 ἐκ
1094 459 1208 535 πολλῆς

184 551 333 634 ἀγνωσίας
355 553 405 614 καί
427 552 603 635 άπροσεξίας
625 552 885 632 πεφενακισμένην
908 552 958 614 καὶ
977 551 1208 632 διεφθαρμένην

184 652 308 733 γνώμην
330 675 360 713 τε
382 650 432 712 καί
455 653 554 713 πίστιν
577 653 723 732 περιεῖδεν
747 649 763 712 δ
782 661 835 712 τοῦ
854 651 966 724 παντὸς
988 652 1136 732 πρύτανις
1159 650 1209 712 καί
1287 697 1289 756 χ

158 751 401 831 σφιλάνθρωπος
427 751 531 830 κάρτος
557 751 811 829 πολωρκούμενον
833 749 885 810 τὸν
909 749 981 811 λαὸν
1004 749 1115 827 αὐτοῦ,
1144 745 1207 810 ἀλλ’
1288 783 1290 852 χ

184 849 294 910 εἵνεκεν
322 859 374 928 τῆς
400 850 599 929 ταλαιπωρίας
630 859 690 910 τῶν
722 857 846 928 πτωχῶν
877 846 928 908 καὶ
958 857 1010 909 τοῦ
1040 857 1209 929 στεναγμοῦ
1289 893 1290 936 χ

185 956 244 1008 τῶν
266 948 403 1025 πενήτων
426 947 485 1025 ἔφη
513 946 563 1008 καί
591 947 652 1008 τότε
675 969 735 1008 που
759 946 888 1018 πάντως·
917 955 976 1006 νῦν
1004 945 1209 1024 άναστήσομαι

185 1043 235 1106 καί
257 1043 430 1125 δττερασπιω
452 1043 528 1124 ὑπὲρ
546 1054 599 1123 τῆς
617 1044 730 1116 πόλεως
753 1044 872 1122 ταύτης,
895 1043 932 1104 οὐ
952 1039 992 1104 δι’
1014 1041 1065 1122 ἐμὲ
1088 1043 1141 1104 καὶ
1159 1043 1208 1104 διδ

186 1142 285 1204 Δανίδ
311 1143 363 1204 τὸν
386 1143 496 1204 δοῦλόν
519 1165 593 1222 μου,
620 1141 725 1216 καθὼς
751 1143 849 1222 εἴρηκε
877 1151 1040 1220 τηνικαῦτα
1068 1142 1129 1223 πρὸ
1156 1152 1207 1222 τῆς

146 1261 171 1300 10
185 1241 331 1322 ἐνσάρκοο
355 1242 538 1320 οἰκονομίας,
560 1240 633 1301 ἀλλὰ
651 1235 691 1302 δι’
712 1238 762 1320 ἐμὲ
781 1239 831 1302 καὶ
849 1239 900 1302 διὰ
918 1241 970 1302 τὸν
989 1239 1021 1300 ἐκ
1040 1239 1207 1319 σπέρματος

186 1339 285 1415 φύντα
308 1337 407 1400 Δανίδ
430 1338 498 1400 υίόν
521 1362 579 1418 μου
607 1339 657 1400 καὶ
686 1337 736 1399 διὰ
763 1339 818 1418 τὴν
841 1336 912 1399 νέαν
932 1331 1141 1419 Ἰερουσαλήμ,
1169 1336 1206 1416 ἣν

185 1437 367 1516 ἐξελεξάμην.
414 1436 463 1496 καὶ
490 1436 546 1518 γὰρ
574 1435 624 1497 καί
651 1436 700 1498 ἐπὶ
727 1446 780 1497 τοῦ
808 1438 973 1516 δυσσεβοῦς
998 1432 1125 1516 Ἀχαάβ,
1156 1445 1205 1496 τοῦ

186 1535 290 1614 Σύρου
313 1535 423 1608 πολλάς
446 1535 592 1615 μυριάδας
615 1530 679 1594 κατ’
703 1534 795 1596 αὐτοῦ
819 1535 1025 1615 συνειληχότος
1048 1533 1099 1594 καί
1123 1537 1203 1615 βρεν-

186 1630 340 1710 θυομένου
368 1632 417 1694 καί
445 1631 593 1714 λέγοντος
622 1635 650 1694 εἰ
675 1633 825 1710 ἐκποιήσει
848 1633 1003 1712 Σαμάρεια
1031 1639 1096 1706 ταῖς
1125 1631 1203 1712 δραξί

147 1751 172 1790 ιο
186 1729 274 1790 παντί
301 1737 341 1814 τῷ
365 1737 424 1815 λαῷ
449 1739 509 1804 τοῖς
537 1734 635 1805 πεζοῖς
663 1755 736 1810 μου,
765 1730 877 1792 διέλυσε
901 1731 1011 1814 ῥᾳδίως
1037 1730 1135 1804 εὐθὺς
1157 1739 1203 1791 τοῦ

186 1830 361 1907 τρισαθλίου
384 1828 526 1909 βασιλέως
549 1828 565 1891 ὃ
590 1831 803 1911 φιλοικτίρμων
826 1829 898 1902 θεὸς
920 1828 953 1888 τὸ
978 1826 1045 1902 δέος
1070 1829 1202 1906 φάσκων·

186 1926 254 1987 ἰδοῦ
278 1925 334 2008 ἐγὼ
358 1928 466 2006 δίδωμι
489 1927 581 1990 αὐτὸν
604 1928 646 2001 εἰς
670 1927 722 2000 τὰς
744 1927 842 2007 χεῖράς
865 1944 935 2002 σου,
964 1926 1014 1986 καὶ
1038 1928 1142 2010 γνώσῃ
1165 1927 1205 1988 ότι

186 2023 243 2105 ἐγὼ
266 2026 378 2105 κύριος.
425 2026 496 2104 ὅπερ
524 2024 574 2085 καί
596 2025 725 2107 γέγονεν.
771 2023 821 2086 καὶ
845 2024 884 2103 δὴ
906 2026 1075 2106 παραυτίκα
1101 2025 1204 2105 δέδειχε

186 2121 236 2182 καί
263 2129 325 2196 τοῖς
351 2125 473 2196 οἰκείοις
500 2122 551 2184 καί
578 2129 640 2196 τοῖς
667 2122 830 2206 ἀλλοτρίοις
857 2122 913 2200 τὴν
937 2123 1017 2183 ἰδίαν
1046 2123 1133 2203 ἰσχὺν
1161 2122 1205 2183 καὶ

147 2243 173 2280 20
187 2220 238 2280 τὸν
262 2222 443 2302 ίεροφάλτην
468 2220 669 2300 ἀληθεύοντα·
697 2223 800 2303 κάρτος
827 2221 965 2302 κραταιὸς
992 2219 1043 2281 καὶ
1072 2221 1205 2300 δυνατός,

187 2319 290 2398 πόριος
309 2320 436 2392 δυνατὸς
453 2318 486 2380 ἐν
505 2318 630 2403 πολέμῳ.
672 2329 725 2398 τῆς
743 2317 798 2404 γὰρ
818 2324 991 2398 συμπλοκῆς
1009 2319 1205 2400 γεγενημένης

188 2417 366 2478 δυοκαίδεκα
384 2427 444 2477 τῶν
461 2417 631 2478 ἀντιπάλων
651 2417 798 2499 μυριάδας
821 2415 837 2478 δ
854 2412 968 2496 Ἰσραὴλ
990 2417 1205 2496 κατηκόντισεν.

187 2515 238 2574 ἵνα
261 2512 292 2575 δὲ
316 2513 447 2576 κάκεῖνοι
470 2513 520 2575 καί
543 2508 626 2576 οὗτοι
649 2516 799 2594 μάθωσιν,
823 2512 863 2588 ὡς
886 2513 1032 2592 θεήλατος
1056 2512 1075 2592 ἡ
1100 2515 1205 2596 πληγή,
1289 2527 1290 2536 ’

138 2641 141 2647 ·
187 2621 246 2672 τῶν
265 2613 508 2693 διαπεφευγότων
531 2614 573 2685 εἴς
591 2635 657 2673 τινα
680 2612 767 2674 πόλιν
790 2611 955 2674 καταπεσὸν
974 2611 1006 2672 τὸ
1025 2618 1122 2692 τεῖχος
1142 2636 1204 2674 κατ-

146 2732 173 2771 τσ
187 2709 273 2790 ε’χωσε
297 2711 429 2789 χιλιάδας
452 2707 506 2784 κζ’.

88 2833 126 2870 ωε
141 2831 171 2871 11.
260 2809 322 2886 Τὴν
349 2809 454 2868 τοίνυν
481 2810 668 2890 βαρβαρικὴν
697 2807 796 2888 ὀφρὺν
823 2808 873 2869 καί
902 2807 1076 2881 ἀλαζονείαν
1104 2818 1158 2870 τοῦ
1179 2832 1204 2869 τε

186 2902 343 2986 Ἀσσυρίου
368 2906 417 2967 καί
440 2916 493 2967 τοῦ
516 2908 621 2987 Σύρου
644 2908 829 2988 χρησάμενος
852 2905 902 2968 καί
928 2909 1036 2985 Θωμᾶς
1065 2906 1081 2970 ὁ
1106 2931 1204 2985 μαται-

261 3079 1201 3150 οωωωΜμ-Ηωῃωωηωωῃω

188 3151 968 3219 (Μω-ωωαω-ωωωωωω

261 3310 346 3378 λτὴν
376 3317 427 3376 τῆς
444 3311 469 3362 Α
490 3327 541 3365 ονε.
560 3309 614 3363 CV.
640 3342 673 3349 -
702 3311 733 3364 ἐκ
757 3328 807 3364 σοι.
827 3311 860 3364 Α.
881 3341 914 3350 -
938 3308 1101 3376 4περιίδεν
1120 3311 1146 3364 Α
1173 3312 1202 3365 οῦ
1289 3319 1290 3336 ’

189 3382 329 3446 περιεῖδεν
343 3311 377 3432 δῖ.
394 3413 427 3418 -
443 3387 458 3432 6
478 3378 572 3434 ἕνεκεν
586 3381 619 3434 A.
637 3413 669 3420 —
687 3388 719 3435 10
739 3381 788 3434 διὰ
806 3397 857 3435 om.
872 3381 931 3434 RV.
946 3413 981 3420 -
1001 3386 1034 3434 12
1053 3382 1103 3434 καί
1123 3382 1201 3436 ἐπίΑ
1289 3411 1290 3472 χ

189 3449 238 3502 καὶ
255 3466 306 3502 om.
325 3449 386 3502 rell.
411 3481 446 3488 -—
470 3457 504 3503 14
523 3449 661 3520 σαμαρεία
680 3451 732 3504 DV
755 3450 879 3519 σαμαρία
898 3449 944 3504 AO
968 3450 1091 3520 σαμάρια
1110 3451 1149 3505 Μ.
1172 3485 1200 3492 -
1289 3483 1290 3516 χ

191 3524 223 3568 17
243 3520 346 3585 γνώσει
363 3518 450 3571 ΑΟΝ.
470 3553 503 3560 -
525 3527 558 3574 18
576 3520 696 3592 δίδειχε]
716 3520 837 3591 γέγηθεν
853 3523 885 3576 Α.
901 3554 935 3561 -
956 3528 987 3574 27
1007 3520 1128 3588 ἀσορίου
1148 3522 1199 3578 OG.

192 3618 216 3624 —
245 3587 259 3638 ὁ
279 3587 462 3654 ματαιόφρων
480 3594 581 3658 θωμᾶς
598 3591 632 3644 N.
