2617 3909
530 221 719 271 XPON1KON
1068 219 1130 283 791

112 363 189 446 ὑπὲρ
213 363 299 445 ἡμῶν
320 367 432 449 σάματι
455 368 568 428 τούτων
590 391 618 426 τι
641 365 808 446 πέπονθεν,
832 367 896 434 ἐπεὶ,
917 369 994 429 οίίτω
1018 392 1049 449 γε
1073 371 1133 448 καί,

112 465 142 525 εί
159 462 322 543 ἅνθρωπος
341 475 400 527 τῶν
418 461 491 526 καθ’
513 462 591 544 ἡμᾶς
609 466 780 538 εἰκονίζοιτο
800 467 922 546 σάματι,
945 465 1059 547 ἀνάγκη
1084 467 1133 528 καί

112 563 170 641 τὴν
201 563 305 643 ψυχὴν
336 565 592 636 συνεικονίζεσθαι
624 561 644 642 ἢ
672 564 790 638 πάντως
820 564 1019 642 τεθνήξεσθαι
1047 588 1132 644 χωρι-

113 661 247 738 ζόμενον.
289 663 318 722 τί
343 662 398 742 γάρ
427 661 525 742 ἕτερον
555 662 688 734 θάνατος
716 660 735 741 ἢ
763 663 909 742 χωρισμὸς
940 671 1042 742 ψυχῆς
1073 662 1132 725 ἀπὸ

113 759 263 837 σώματοςς
287 759 362 820 ὅθεν
385 759 418 822 ἒν
436 760 552 832 τούτοις
571 761 731 836 φαίνονται
753 760 909 839 προδήλως
932 758 1022 821 οὐδὲν
1045 753 1133 838 ἦττον
1160 781 1172 820 ε

112 856 290 936 ἀσεβοῦντες
317 856 337 937 ἢ
365 856 595 937 ἀμαθαίνοντες·
629 857 665 918 οὐ
693 857 748 938 γὰρ
777 859 875 918 ἴσασιν
903 858 974 920 ὅσον
1001 869 1133 939 γραπτοῦ

33 1031 40 1040 Ι
112 954 164 1015 καὶ
186 965 385 1037 περιγραπτοῦ
409 965 461 1016 τοῦ
480 979 509 1016 τε
527 957 653 1036 γράφειν
676 954 726 1016 καί
749 957 942 1036 περιγράφειν
965 956 997 1016 τὸ
1020 957 1133 1029 ἰδιάζον

113 1052 165 1114 καὶ
196 1052 425 1134 διηλλαγμένον,
462 1054 511 1114 καὶ
543 1052 594 1114 διὰ
625 1063 711 1115 τοῦτο
749 1053 973 1132 φενακιζόμενοι
1013 1078 1133 1132 ματαιο-

113 1157 262 1232 λογοῦσιν.
308 1161 368 1213 ποῦ
396 1149 428 1212 δὲ
456 1152 531 1224 ὅλως
558 1162 642 1230 σῶμα
666 1149 804 1234 ἀγραφον
827 1151 847 1232 ἢ
870 1151 1074 1232 ἀπερίγραφον
1102 1153 1134 1214 ἐκ

114 1259 167 1310 τοῦ
190 1248 301 1322 παντὸς
328 1251 437 1323 αἰῶνος
462 1248 621 1328 ἤκουσται;
648 1247 669 1328 ἢ
692 1259 755 1322 πῶς
784 1249 799 1312 δ
823 1260 875 1311 τοῦ
903 1251 1037 1329 σώματος
1065 1251 1134 1332 ὅρος
1148 1274 1174 1312 ιο

114 1346 165 1407 καί
193 1348 279 1427 λόγος
302 1349 485 1426 σωθήσεται,
514 1349 541 1408 εί
563 1349 602 1427 μὴ
627 1357 718 1408 ταῦτα
742 1348 815 1428 έ’χοι;
844 1347 859 1408 ὅ
883 1350 986 1409 τοίνυν
1014 1348 1054 1428 μὴ
1083 1351 1132 1410 δο-

115 1445 210 1519 ξάζων
228 1445 400 1526 γράφεσθαι
420 1444 440 1525 ἢ
459 1447 697 1527 περιγράφεσθαι
715 1445 766 1506 τὸν
785 1446 914 1526 Χριστὸν
938 1448 1050 1526 σώματι
1074 1446 1093 1527 ἢ
1117 1448 1134 1508 ὅ

114 1567 141 1603 τι
165 1541 225 1603 ἔστι
247 1543 333 1622 σῶμα
356 1544 412 1604 οὐκ
434 1545 520 1625 ἔγνω,
543 1544 573 1618 ἐξ
596 1537 634 1605 οὗ
658 1542 732 1623 μηδὲ
752 1544 842 1618 δόξαν
866 1542 965 1626 ὀρθὴν
988 1544 1133 1627 κέκτηται,

115 1640 135 1721 ἢ
154 1641 247 1720 γνοὺς
265 1651 349 1721 σῶμα
367 1642 417 1702 καί
435 1644 539 1723 ψυχὴν
558 1643 705 1715 σώζεσθαι
724 1640 896 1728 παρῄτηται,
935 1641 950 1702 ὁ
969 1652 1043 1724 γοῦν
1063 1642 1132 1722 δμο-

114 1745 211 1819 λογῶν
234 1749 318 1818 σῶμα
340 1740 392 1801 τὸν
415 1740 545 1819 Χριστὸν
572 1739 766 1819 ἀνειληφέναι
794 1740 899 1802 ὁποῖον
927 1740 959 1802 τὸ
982 1737 1133 1820 ἡμέτερον,
1149 1763 1173 1803 15

113 1845 201 1897 τοῦτο
230 1835 262 1898 δέ
289 1838 421 1920 γραπτὸν
452 1838 503 1899 καί
534 1840 748 1920 περιγραπτόν,
786 1839 815 1912 ἕξ
851 1838 983 1920 ἀνάγκης
1015 1839 1134 1900 κάκεῖνο

114 1936 245 2015 γραπτὸν
272 1935 322 1996 καί
349 1937 546 2018 περιγραπτὸν
573 1932 650 2001 εἶναι
679 1938 952 2018 συνυμολογήσειεν.
998 1939 1025 1998 εί
1047 1935 1078 1998 δὲ
1101 1937 1134 1997 τὸ

115 2034 251 2112 δεύτερον
280 2035 316 2094 οὐ
339 2035 441 2113 δώσει,
470 2035 540 2096 οὐδὲ
568 2036 600 2095 τὸ
624 2045 742 2115 πρῶτον
765 2033 835 2115 ἀρα,
864 2032 880 2095 ὃ
904 2036 1000 2112 πάντη
1024 2033 1133 2115 ἀλογον
1148 2059 1187 2098 τοι
1201 2057 1231 2095 τι.

116 2130 167 2190 κοιλ
189 2129 411 2212 καταγέλαστον.
458 2133 494 2192 οά
517 2133 739 2214 περιγράφομεν
762 2125 818 2194 οὖν
841 2130 940 2211 ἡμεῖς,
969 2131 1041 2193 ἀλλά
1064 2134 1133 2213 γρά-

116 2251 220 2306 φομεν.
261 2227 317 2289 κάν
340 2235 550 2310 κενολογοῦσιν
573 2231 604 2291 οί
624 2228 727 2291 ἀθλιοι
754 2231 803 2290 καί
822 2228 917 2303 άλλως
940 2230 1134 2310 ἀτοπώτερον.
1149 2255 1175 2293 ιο

116 2324 152 2387 ὃν
178 2326 234 2407 γάρ
263 2345 356 2404 φασιν
383 2326 615 2408 ἀπερίγραπτον,
644 2327 701 2388 οὐκ
724 2323 782 2389 οἷδ’
811 2329 891 2400 ὅπως
919 2325 971 2389 ὑπ’
993 2329 1135 2407 εὐηθείας
1180 2343 1182 2347 ’

116 2425 412 2506 συμπεριγράφεσθαι
448 2435 484 2507 τῇ
522 2427 616 2488 εἰκόνι
652 2427 862 2506 τερατεύονται.
908 2428 935 2487 εί
967 2425 999 2488 δὲ
1027 2427 1065 2505 δη
1093 2427 1134 2505 μὴ

116 2533 221 2602 χρῆναι
248 2523 300 2583 τὸν
327 2525 457 2605 Χριστὸν
484 2524 681 2597 εἰκονίζεσθαι
713 2525 801 2585 πάλιν
833 2525 1082 2607 κενολογήσωσιν,
1115 2522 1133 2602 ἡ

115 2629 175 2680 τῶν
203 2622 390 2691 διδασκάλων
418 2621 517 2683 αὐτῶν
545 2622 688 2702 χάρυβδις
715 2623 816 2695 αὐτοῖς
840 2621 912 2704 μέγα
936 2623 1134 2704 περικέχηνεν,

117 2720 290 2797 Μάνεντος,
326 2719 525 2781 Οὐαλεντίνου
555 2743 584 2781 τε
614 2719 663 2780 καὶ
692 2722 885 2799 Μαρκίωνος.
933 2721 1053 2799 δοκήσει
1079 2721 1134 2801 γὰρ
1149 2744 1174 2782 νο

116 2815 166 2876 καὶ
199 2820 347 2901 φαντασία
378 2818 431 2879 τὸν
460 2824 547 2879 θεῖον
579 2817 668 2899 λόγον
700 2825 932 2897 σεσωματῶσθαι
965 2819 1135 2892 δοξάζοντες

117 2911 207 2976 οὐδὲν
229 2907 318 2992 ἧττον
341 2925 376 3000 τη
396 2915 521 3000 προτέρᾳ
544 2925 598 2978 τοῦ
616 2917 751 2992 ψεύδους
774 2917 948 3000 βλασφημία
972 2916 1134 2996 περιπαρῇ-

189 3103 381 3169 2εἰκονίζοιτο
397 3108 503 3173 σώματι
517 3105 568 3159 OG
587 3103 757 3170 εἰκονίζοι
733 3127 763 3159 το
779 3123 801 3158 σ.
814 3108 835 3157 Α
858 3103 988 3170 είκονιζοι
1003 3108 1024 3174 (-
1027 3125 1051 3159 ει
1067 3106 1134 3176 MR)

117 3182 154 3249 τῷ
174 3179 280 3244 σάματι
302 3177 419 3230 roll‚-—
449 3183 464 3229 3
488 3175 679 3240 είκονίζεσθαι
701 3177 791 3230 A—
793 3182 832 3228 9
858 3175 921 3230 ὅλον
945 3177 986 3244 (τὸ
1011 3178 1075 3231 add
1096 3177 1134 3247 M)

118 3257 194 3317 σῶμα
218 3249 245 3300 N
269 3257 346 3316 σῶμα
370 3245 440 3309 ὅλως
457 3248 548 3303 V-
580 3254 612 3300 13
636 3249 729 3318 ὀρθὴν
752 3267 802 3302 om.
827 3247 920 3301 N.—
953 3254 985 3301 14
999 3247 1045 3339 αὴ
1070 3248 1135 3302 ὁ·

118 3324 205 3389 λογων
224 3320 312 3373 Α.-
332 3325 363 3372 17
384 3320 459 3373 εἰδὲ
478 3315 768 3373 καὶτὸΑ-Ιε
751 3340 806 3386 αρα
826 3317 888 3372 N
875 3341 930 3411 αρα
945 3314 1009 3373 A
993 3341 1061 3386 αραι
1094 3321 1134 3374 V

119 3423 151 3430 —-
166 3390 251 3444 πάντι
266 3391 324 3444 GM
342 3410 428 3444 παντι
419 3392 519 3443 Α.-
536 3397 568 3444 19
584 3391 843 3461 περιγράφωμεν-
851 3392 1003 3461 γράφωμεν
1018 3390 1134 3445 ACGN.

119 3494 151 3501 -
172 3467 205 3514 20
224 3460 291 3533 κάν]
310 3463 359 3516 καλ
378 3461 489 3515 OR.-
512 3469 545 3514 23
565 3469 680 3533 χρῆναιε
700 3465 812 3517 Desinit
830 3464 887 3516 υοά
903 3463 987 3515 Ε.-
1013 3468 1047 3516 24
1065 3460 1115 3533 μέγ
1117 3485 1135 3516 α

117 3532 199 3586 AGN
222 3536 327 3604 μεγάλα
351 3533 494 3587 0139.-
518 3485 581 3587 23χ
575 3554 605 3588 τε
627 3552 678 3589 σοι.
699 3534 790 3588 N.—
819 3532 971 3603 μαρκίονος
989 3533 1076 3588 AGM.
1102 3567 1134 3574 —

118 3611 151 3657 27
171 3611 221 3671 τῆς
239 3603 376 3673 προτέρας
394 3609 520 3675 ψευδους
538 3604 716 3677 βλασφημίας
734 3606 766 3660 A
