2617 3909
514 223 704 276 Χεοατιτου
1048 224 1112 289 651

169 374 287 452 Ταύτην
313 373 417 432 τοίνυν
444 370 499 449 τὴν
525 369 689 432 ἀκόλαστον
715 370 766 432 καλ
792 370 964 454 ἀκάθαρτον
990 372 1116 453 γνώμην

96 473 149 535 καλ
168 471 277 554 πρᾶξιν
298 478 358 530 τῶν
376 467 561 549 αὐθαιρέτως
578 468 751 549 πασχόντων
769 470 964 550 θριαμβεύων
985 461 1019 530 εό
1038 469 1116 548 μάλα

97 570 149 632 καλ
177 568 353 647 στηλιτεόων
381 566 397 629 δ
421 564 511 647 μέγας
532 567 681 648 Κάριλλος
702 568 780 628 οθτω
808 568 929 645 φάσκει·
956 566 1116 639 ἀκολασίας

97 668 155 751 γὰρ
174 665 272 728 ἕνεκεν
290 666 323 727 οἱ
337 665 459 737 τάλανες
476 672 563 726 τοῦτο
582 666 674 745 δρῶσι
693 663 729 724 τδι
746 674 807 725 τῶν
823 674 976 745 γυναικῶν
993 665 1116 746 πάσχειν

96 763 205 846 ἀνδρες
229 762 310 836 όντες
332 762 519 843 βουλόμενοι.
560 761 684 835 οὐδενὸς
705 761 762 845 γὰρ
784 763 929 843 χρησίμου
951 762 1038 844 χάριν
1059 762 1116 842 τὴν
1142 784 1156 824 5

97 863 194 940 φύσιν
216 859 418 941 μετατιθέντες
440 858 460 940 ἢ
483 858 634 940 ἀσελγείας
655 858 753 921 ἕνεκεν
779 859 836 939 τὴν
857 860 1044 923 θεόπλαστον
1065 858 1116 920 καλ

98 959 289 1041 ἀνδροπρεττῆ
309 957 431 1038 μορφὴν
449 958 681 1040 διαφθείρουσιν
698 956 840 1031 ἑκουσίως
857 958 1008 1037 πολλάκις,
1025 952 1113 1037 ἢόπ’

57 1130 59 1137 Α
96 1056 196 1118 άλλων
213 1054 374 1135 ὑπομένειν
392 1054 625 1136 ἀναγκαζόμενοι
645 1064 733 1116 τοῦτο
754 1053 795 1128 όις
812 1054 909 1134 λοιμολ
925 1065 980 1135 τῆς
997 1055 1117 1132 φάσεως

98 1154 149 1216 καλ
167 1164 220 1216 τοῦ
238 1152 344 1235 γένους
361 1151 497 1232 πολέμιοι
514 1152 564 1213 καλ
586 1158 687 1213 σπίλοι
708 1152 856 1225 πολιτείας
872 1151 923 1214 καλ
946 1155 1023 1233 ζωῆς
1041 1152 1116 1231 έφό-

22 1252 25 1257 ’
68 1296 71 1301 ·
98 1254 214 1335 βριστοι
242 1253 382 1332 γίνονται.
432 1251 521 1329 δίκην
553 1250 709 1329 μαινάδων
739 1248 954 1331 πορνευθέντες
985 1249 1116 1332 ἀμέτρως
1130 1272 1158 1313 1⁰
1248 1329 1250 1334 ,

99 1349 132 1411 έν
164 1353 226 1421 τοῖς
248 1348 416 1429 ἀἰσχίστοις
448 1345 604 1428 ὀρχοῦνται
634 1348 746 1409 πάθεσι
772 1343 874 1432 ’μιαρᾷ
905 1349 1035 1432 πολιτείᾳ
1065 1347 1117 1409 καλ

98 1444 300 1529 πεφθαρμένη
323 1445 378 1524 την
400 1444 512 1506 ἀθλίαν
533 1442 613 1524 ’ζωὴν
631 1445 873 1526 συγκεράσαντες,
895 1444 1048 1525 ἀμφίβολα
1066 1444 1117 1506 καλ

99 1542 284 1624 μεμισημένα
297 1542 441 1624 πρόσωπα
458 1542 666 1624 περιφέροντες
682 1542 732 1603 καλ
749 1543 869 1625 γράμμα
887 1543 1117 1623 νενοθευμένον.

100 1643 189 1723 ἱερῶν
211 1641 376 1729 περιβόλων
400 1639 516 1723 μακρὰν
538 1639 766 1722 ἀποιχέσθωσαν
787 1639 839 1702 κοιλ
863 1639 956 1723 άγίων
979 1642 1118 1704 συνόδων
1192 1684 1196 1689 -

99 1737 142 1813 ὡς
164 1736 382 1819 έβδελυγμένον
398 1736 471 1820 άγος
488 1737 538 1799 καλ
559 1736 720 1820 θεοστυγές
737 1736 974 1801 έλαυνέσθωσαν.
1014 1738 1116 1819 ἐπειδὴ
1130 1759 1158 1799 ω

98 1836 156 1918 γάρ
179 1835 311 1920 αἰσχίστῃ
334 1834 386 1897 καλ
408 1837 531 1920 κακίστη
555 1837 660 1921 γνώμη
682 1837 715 1898 τὸ
737 1836 829 1898 καλὸν
851 1836 902 1921 καλ
924 1843 1010 1899 θεῖον
1030 1837 1117 1918 ἔργον

99 1934 143 2009 είς
170 1933 202 1996 τδ
230 1934 323 1995 κακόν
349 1933 399 1994 καλ
427 1933 661 2014 διαβεβλημένον
688 1933 784 2014 δόγμα
810 1934 1045 2016 παραλλάξαντες
1067 1934 1118 1994 καλ
1221 1958 1224 1962 ·

100 2031 348 2111 μεταποιήσαντες
375 2030 425 2093 καλ
452 2032 508 2111 τὴν
534 2031 739 2110 πνευματικὴν
765 2030 923 2111 εόνονχίαν
950 2030 1118 2111 ἀπηγορευ-
1201 2056 1203 2060 ·

101 2127 175 2213 μένη
194 2130 297 2209 πράξει
314 2133 493 2209 λειτουργεῖν
506 2126 724 2209 ἀναγκάσαντες
738 2127 775 2188 οὐ
789 2128 883 2206 μόνον
897 2125 974 2199 άξιοι
991 2137 1118 2207 νομικῆς

99 2227 222 2304 ψήφου·
239 2226 400 2305 λαμβάνειν
427 2227 585 2306 τιμωρίαν,
617 2224 691 2285 ἀλλά
716 2222 767 2285 καλ
793 2224 824 2298 έξ
850 2224 1040 2305 εόαγγελικῆς
1066 2224 1117 2285 καλ
1131 2246 1159 2285 ιο

100 2322 297 2402 ἀποστολικῆς
324 2319 503 2400 ἀποφάσεως
529 2324 572 2397 εἰς
598 2322 631 2383 τὸ
659 2321 817 2403 λεγόμενον
846 2321 987 2402 ἐξώτερον
1014 2322 1118 2394 σκότος

99 2418 199 2501 όλρδην
220 2417 463 2480 ἀπελαύνεσθαι.·
486 2418 552 2501 περλ
570 2419 626 2501 γάρ
649 2429 709 2481 τῶν
726 2420 870 2482 τοιούτων
887 2419 947 2498 έφη
964 2423 1116 2499 Μωϋσης·

101 2517 229 2589 θλαδίας
247 2514 296 2577 καλ
315 2515 466 2590 ἀπόκοτιος
485 2517 540 2578 οόκ
558 2518 748 2579 είσελεόσεται
766 2518 808 2590 είς
826 2516 983 2597 ἐκκλησίαν
1002 2518 1117 2598 κυρίου.
1200 2601 1202 2604 ι

101 2614 161 2691 έστι
188 2623 262 2695 γοῦν
291 2614 365 2675 ίδεῑν
391 2613 622 2696 πεπληρωμένας
649 2615 746 2689 οίκίας
768 2625 827 2695 τῶν
853 2616 1034 2697 μεγιστάνων
1056 2638 1117 2676 τοι-

102 2744 316 2754 ..—-—-—

175 2816 208 2864 23
227 2792 376 2865 Βοαλοτοό.
393 2817 435 2879 23,
452 2817 475 2866 1,

175 2984 254 3043 τοτ’
267 2987 356 3043 mm
370 2988 504 3043 BPSuid.
515 3007 538 3045 v.
550 2990 676 3045 σιιοωι.
698 2968 755 3045 σω
771 2990 860 3044 οιτον
873 2989 933 3043 ren.
945 3020 979 3029 -
994 2994 1010 3041 ο
1025 2985 1117 3043 που

4 3080 6 3085 ·
101 3058 214 3115 CEGN
237 3056 344 3123 σπίλοις
361 3060 391 3114 Ρ.
412 3091 445 3100 -
470 3066 502 3115 13
521 3060 704 3131 περιφέρουσι
723 3060 782 3116 RV.
806 3091 840 3100 -
865 3066 898 3115 14
916 3060 966 3114 καλ
984 3056 1117 3129 ἁγίων-

104 3135 137 3185 15
157 3130 372 3185 έλαυνέσθωσαν
390 3147 441 3186 om.
456 3131 566 3186 BSuid.
582 3164 616 3172 -
636 3137 669 3186 17
688 3132 737 3185 καί
753 3138 817 3186 ante
831 3128 1047 3203 διαβεβλημένον
1065 3147 1118 3185 om.

103 3200 166 3255 MV.
186 3232 221 3241 —
241 3206 273 3255 16
294 3202 376 3273 ἔργον
394 3203 443 3256 καλ
462 3201 552 3272 δόγμα
570 3202 605 3257 N.
621 3234 654 3243 -
675 3209 690 3255 2
729 3202 757 3268 ἐξ
776 3203 922 3272 ἀγγελικής
940 3202 1049 3255 BSuid.
1072 3202 1118 3257 εό-

101 3275 249 3342 αγγελικῆς
267 3274 328 3341 (ονε.
344 3273 383 3343 ἐξ)
402 3272 486 3327 GPR.
506 3305 541 3314 -
560 3280 594 3327 23
613 3274 654 3336 είς
672 3268 753 3329 οἶκον
771 3270 870 3342 κυρίου
888 3272 1061 3327 BNRSuid.

176 3458 190 3505 1
210 3452 261 3521 τὴν
279 3448 377 3507 τοίνυν
395 3448 472 3506 ἀκόλ.
486 3450 516 3504 P.
532 3482 567 3493 -
585 3451 699 3521 γνώμην
711 3469 741 3505 τε
757 3450 806 3504 καί
819 3450 849 3503 P.
869 3482 900 3491 -
917 3456 933 3504 2
952 3448 1119 3520 πασχόντων

103 3523 153 3578 καί
172 3522 369 3593 φθειρομένων
386 3521 416 3576 P.
441 3552 476 3563 —-
499 3526 514 3575 ’ί
534 3519 765 3613 παραφθείρουρι
783 3521 813 3574 P.
830 3520 872 3561 ’—
896 3526 928 3611 βλ
952 3523 1118 3646 διαβδελυγ-
1216 3530 1218 3534 ’

101 3592 189 3664 μένου
207 3594 236 3647 P.
253 3626 286 3634 -
307 3599 339 3647 19
358 3597 547 3663 λειτουργεῖαν
565 3593 595 3647 P.
611 3624 645 3635 ·-
665 3599 700 3647 24
717 3612 775 3648 των
792 3608 963 3663 μεγιστανων
982 3588 1074 3652 οκίας
1086 3590 1118 3643 Ρ.
