2617 3909
176 212 242 277 592
487 212 675 265 rmmooe
691 214 876 265 οιουιιιου

175 362 306 443 ’τάγματα
339 371 397 423 τῶν
429 362 577 441 πολεμίων
609 359 824 442 συνεζευγμένα
854 360 905 421 καλ
937 362 1197 444 συγκεκροτημένοι

70 498 72 503 -
176 458 308 543 διέρρηξε
334 458 385 521 καί
413 458 462 520 διὰ
490 458 580 538 μέσου
602 466 656 519 τοῦ
678 458 817 537 πλήθους
838 468 899 520 τῶν
921 459 1117 523 πεπτωκότων
1138 461 1195 536 τὰς

175 559 271 633 τάξεις
293 558 445 638 διασχίσας
468 555 518 617 καί
540 555 609 630 τοὺς
628 555 744 639 σωροὺς
766 557 826 619 τῶν
843 565 957 638 νεκρῶν
979 556 1096 641 παριὼν
1117 558 1195 640 πρὸς

172 656 266 719 ἀιἰτδν
293 655 447 737 ἐπορεύετο
474 654 527 717 τὸν
553 655 710 737 τύραννον.
755 653 806 715 καί
832 664 886 716 τοῦ
913 653 1026 734 ἀνέμου
1055 659 1195 740 σφοδροῦ

48 796 49 801 1
148 751 336 838 σγενομένου
358 751 504 834 Εὐγένιος
531 751 606 833 πρὸς
632 752 703 825 τους
727 751 823 826 πόδας
848 760 902 814 τοῦ
925 751 1070 833 βασιλέως
1097 751 1194 817 ὀπίσω

176 850 339 931 δεδεμένων
362 849 455 912 αὐτοῦ
477 859 537 912 τῶν
555 860 660 931 χειρῶν
681 847 776 930 ήχθη,
796 849 913 912 κάκεῖσε
931 860 984 930 τῆς
1001 851 1095 913 αὐτοῦ
1113 855 1192 933 ζωῆς
1304 855 1305 882 ³

174 949 225 1011 καί
247 958 301 1011 τοῦ
323 946 454 1027 πολέμου
476 947 508 1009 τὸ
532 946 612 1022 τέλος
634 946 756 1029 ἐγένετο.

245 1048 315 1110 Τότε
342 1047 444 1109 τοίνυν
473 1043 512 1121 ὡς
539 1044 574 1107 τὰ
597 1044 739 1126 μέλλοντα
765 1045 911 1129 προειδὼς
936 1044 952 1108 δ
975 1047 1113 1127 βασιλεὺς
1138 1048 1193 1110 καλ
1305 1091 1306 1096 1

175 1146 340 1230 φροντίζων
370 1144 442 1206 ὥστε
465 1144 520 1223 τήν
542 1145 691 1206 πολιτείαν
713 1145 897 1207 διατυπῶσαι
921 1145 964 1218 είς
986 1144 1022 1205 τὰ
1044 1155 1097 1226 τῆς
1118 1143 1194 1231 ἑῴας

134 1264 161 1305 ιο
175 1242 248 1326 μέρη
267 1252 445 1327 παραχρῆμα
465 1240 641 1323 ἀπέστειλεν,
665 1242 742 1304 ὅπου
760 1241 796 1302 τὰ
813 1241 920 1304 ἑαυτοῦ
938 1242 1085 1323 παρέθετο
1102 1242 1194 1305 τέκνα

174 1349 294 1427 φυλακῇ
317 1340 522 1425 ἀσφαλεστάτή
545 1339 656 1419 μέλλων
682 1338 731 1401 έπλ
752 1340 805 1402 τὸν
826 1338 955 1420 πόλεμον
977 1339 1094 1414 ἐξιέναι.
1139 1341 1191 1403 καλ

173 1438 206 1502 ἐν
235 1439 288 1520 μέν
315 1448 351 1525 τῇ
379 1436 508 1523 ἀνατολῇ
535 1438 587 1501 τὸν
615 1436 736 1518 βασιλέα
761 1432 918 1520 Ἀρκοίδιον
948 1436 1106 1520 προσέταξε
1134 1439 1192 1519 τήν

173 1539 263 1599 πάλαι
281 1537 507 1618 παραδοθεῖσαν
525 1535 605 1619 αὐτῷ
628 1537 780 1616 βασιλείαν
803 1536 971 1617 φυλάττειν,
991 1532 1134 1617 Ὀνώριον
1157 1536 1191 1600 δέ

173 1644 209 1720 τῇ
232 1633 307 1718 αὐτῇ
331 1632 457 1712 τιμήσας
479 1631 547 1716 ἀξία
569 1631 617 1694 έπί
640 1632 697 1713 τήν
714 1642 767 1712 τῆς
785 1634 898 1707 δόσεως
915 1635 1067 1715 βασιλείαν
1088 1634 1192 1697 έλθεῖν

134 1751 159 1793 ιι
173 1730 281 1813 ταχέως
305 1728 489 1811 προσέταξεν.
535 1730 662 1792 ἐλθόντα
690 1728 722 1792 δέ
744 1731 837 1795 αὐτὸν
863 1733 1114 1814 περιπτυξάμενος
1139 1732 1191 1795 καλ

74 1852 115 1891 ιιι
129 1849 159 1890 M.
174 1829 301 1909 φιλήσας
324 1827 541 1911 παραδεδωκὼς
568 1828 647 1913 αὐτῷ
671 1828 708 1890 τὰ
730 1839 863 1912 σκῆπτρα
889 1839 943 1911 τῆς
965 1832 1115 1911 βασιλείας
1136 1840 1191 1911 τῆς

173 1929 285 2001 δόσεως
311 1926 401 2001 αὐτὸς
429 1926 476 1989 ἐπί
500 1926 643 1990 δεκαεπτὰ
666 1926 822 2001 ἐνιαυτοὺς
845 1928 999 2006 διοικήσας
1025 1929 1081 2008 τήν
1103 1931 1191 2010 βασι-

172 2029 253 2089 λείαν
275 2026 404 2107 εὐτυχῶς
422 2026 465 2099 εἰς
483 2026 535 2089 τὸν
554 2027 689 2107 βελτίονα
708 2030 835 2107 μετῆλθε
853 2027 922 2106 βίον
941 2024 1012 2105 μετὰ
1029 2035 1089 2087 τῶν
1106 2026 1191 2089 εὗσε-

172 2126 319 2207 βεστοίτων
341 2124 486 2206 βασιλέων
508 2122 740 2205 ἀποληψόμενος
761 2124 797 2186 τὰ
819 2122 890 2206 γέρα
912 2133 972 2186 τῶν
995 2122 1107 2187 ἀθλων,

472 2298 532 2384 [θ’.
565 2301 652 2384 Περὶ
673 2297 887 2384 Ἀρκαδίαν]

239 2418 328 2479 Μετὰ
346 2415 379 2479 δέ
396 2416 557 2479 Θεοδόσιον
574 2417 763 2496 ἐβασίλευσεν
775 2412 928 2498 Ἀρκάδιος
947 2415 1013 2490 υίὸς
1030 2416 1125 2479 αὐτοῦ
1137 2417 1190 2498 ἔτη

172 2512 223 2596 ιγ’.
260 2512 293 2588 ὃς
311 2515 363 2576 τὸν
376 2515 463 2575 κίονα
476 2522 530 2576 τοῦ
543 2512 721 2597 Ξηρολόφου
739 2514 848 2593 στήσας
866 2513 899 2576 έν
917 2513 997 2599 αὐτῷ
1014 2515 1066 2577 τὸν
1080 2514 1190 2577 ἑαυτοῦ

172 2613 354 2692 καθίδρυσεν
368 2610 538 2694 ἀνδριάντα.
561 2611 612 2673 καλ
625 2612 713 2673 πόλιν
727 2611 759 2673 έν
773 2621 808 2697 τῇ
821 2608 925 2697 Θρᾴκῃ
939 2614 1040 2686 κτίσας
1053 2611 1189 2675 έκοίλεσεν

133 2350 159 2390 20

244 2770 332 2820 8-19
351 2764 550 2833 Rufin.11‚³4.
570 2796 604 2805 -
623 2769 729 2833 τι-ρ.
745 2770 806 2833 σοι,
822 2771 836 2818 1
854 2764 993 2820 Μαρια
1011 2768 1046 2835 cf.
1061 2766 1187 2837 Τοωριι.

167 2852 197 2907 p.
215 2842 256 2906 77,
272 2841 306 2890 24
324 2836 381 2892 Leo
400 2836 446 2892 Gr.
458 2853 487 2907 p.
504 2841 564 2905 104,
579 2840 620 2891 20.

244 2968 261 3015 4
278 2970 329 3017 τοῦ
343 2960 448 3032 ἀνόμου
464 2963 590 3031 σφοδροῦ
605 2960 791 3016 BLMRExo.
810 2961 1057 3030 ἀνέμου-σφοδροῦ
1070 2961 1120 3015 FV
1136 2970 1189 3018 τοῦ

172 3033 276 3103 ἀνέμου
290 3042 340 3089 τοῦ
354 3038 480 3104 σφοδροῦ
494 3032 607 3087 ΑΟΒΕ.
622 3064 659 3073 -
677 3040 693 3087 6
708 3032 864 3101 δεδεμένων
880 3041 935 3087 τῶν
948 3042 1050 3103 χειρῶν
1063 3031 1187 3089 αότσυῦ

171 3113 227 3158 τῶν
245 3115 345 3175 χειρῶν
364 3106 452 3159 αὐτοῦ
470 3106 527 3161 δεδ.
547 3103 577 3159 L.
598 3136 631 3145 -
652 3110 686 3158 10
704 3102 789 3159 τέκνα
807 3102 949 3169 παρέθετο
967 3103 1030 3157 BN.
1047 3136 1083 3144 -
1102 3110 1136 3159 12
1155 3105 1188 3161 έν

170 3184 204 3247 τῇ
219 3176 270 3245 μὲν
284 3176 340 3230 AB.
355 3208 389 3217 -
406 3182 438 3231 13
453 3176 571 3245 όνίοριον
586 3175 666 3229 BDF
685 3175 806 3243 δνόριον
819 3175 870 3228 EI,
889 3173 1003 3242 δνόριον
1016 3174 1064 3229 GV
1076 3181 1102 3231 et
1114 3192 1187 3231 rece.

172 3247 295 3317 quidam.
316 3246 430 3315 δνόριου
443 3248 473 3302 Μ
492 3246 611 3315 ὠνόριον
625 3263 695 3303 racc.
710 3246 760 3301 alii
774 3254 799 3301 εί
812 3254 843 3301 ut
856 3248 911 3302 vid.
921 3246 946 3298 A
959 3247 992 3300 ιἰι
1005 3263 1058 3317 quo
1110 3249 1188 3303 ’τίίασ

170 3320 262 3385 forma
279 3334 336 3373 mm
350 3320 414 3374 bem
427 3319 604 3391 ἀίφτιοεοίίασ.
620 3350 654 3359 -
676 3322 709 3372 14
728 3318 861 3373 ἀνελθεῖν
874 3317 932 3371 RV.
948 3348 982 3358 —
1003 3324 1035 3371 1‘1
1054 3320 1073 3373 δ
1087 3338 1124 3372 κα
1137 3319 1188 3372 καλ

172 3388 242 3444 ἑπτὰ
256 3389 304 3442 ΑΒ
323 3388 392 3443 δέκα
407 3390 455 3443 καὶ
470 3390 539 3445 ὀκτὼ
554 3391 583 3443 F.
599 3421 633 3430 —
653 3395 686 3442 21
703 3388 794 3452 δυλδς
807 3388 916 3442 ABER.
931 3420 966 3429 -
985 3394 1019 3440 22
1039 3388 1092 3460 ιγ’]
1102 3392 1186 3445 δεκα-

171 3458 254 3515 εννέα
272 3459 294 3513 P
318 3458 364 3530 κβ’
385 3460 406 3512 L
425 3463 474 3531 qui
491 3463 523 3515 ίνι
540 3478 592 3531 κιρ.
609 3460 727 3515 amet:
745 3461 776 3514 ἐν
794 3459 888 3523 ἄλλοις
905 3459 952 3528 ἀτη
972 3458 1022 3528 ιγ’,

243 3597 277 3645 22
297 3590 399 3660 στήσας
412 3592 442 3646 έν
457 3584 479 3666 ᾧ
496 3594 544 3647 καί
557 3593 607 3648 τδν
621 3592 723 3648 ἑαυτοῦ
737 3592 915 3661 καθιδρύσας
928 3592 1067 3661 ἀδριάντα
1082 3593 1140 3662 (σία)
1154 3592 1186 3647 P.
