2617 3909
205 188 270 253 802
518 192 704 244 εωιινωον
723 191 906 244 mmor

203 340 344 419 στόματος
372 343 488 420 νηπίων
516 340 565 402 καὶ
592 340 785 420 θηλαζόντων
812 341 987 421 καταρτίσας
1015 335 1103 403 αίνον
1135 341 1222 415 αὐτὸς

203 439 252 501 καλ
279 449 384 501 τοῦτον
411 440 608 522 παρεσκεύασε
636 439 691 519 τήν
713 439 859 519 ἀλήθειαν
887 449 939 500 τοῦ
962 441 1052 501 θείου
1077 441 1221 522 δόγματος

202 539 372 620 ἀνυμνήσαι
399 539 448 600 καὶ
476 550 647 621 φανερῶσαι
673 539 747 621 πρὸς
776 539 867 613 δόξαν
893 548 945 600 τοῦ
977 532 1018 600 δι’
1044 536 1144 620 άκραν
1176 539 1220 602 εδ

202 639 383 720 σπλαγχνίαν
406 637 455 699 καὶ
479 639 712 720 φιλανθρωπίαν
733 637 940 720 σαρκωθέντος
958 645 1033 700 θεοῦ
1058 639 1152 721 λόγου
1175 639 1220 699 καλ

175 743 264 811 ττοῖς
294 736 468 818 ἀνθρώποις
500 736 547 799 ἐπὶ
579 747 634 818 χής
666 735 816 814 ὀφθέντος
847 736 897 798 καλ
925 736 1220 818 συναναστραφέντος

202 835 275 896 κατὰ
298 835 353 915 τήν
376 834 458 917 ίεράν
480 837 704 917 χρησμολογίαν.
743 837 873 898 σύνοδον
896 835 951 917 γάρ
974 834 1064 898 ὁσίων
1088 835 1219 919 πατέρων

201 933 251 996 καλ
274 935 430 1016 θεηγόρων
458 934 491 996 έν
513 934 827 996 Κωνσταντινουπόλει
853 936 1073 1015 συναθροίσας,
1101 931 1159 1014 ὑφ’
1180 928 1218 996 ὧν

101 1050 141 1093 κιο
155 1030 221 1112 Μή
249 1043 307 1094 τῶν
332 1042 432 1094 κακῶν
462 1033 512 1094 καὶ
539 1035 726 1112 δυσωνύμων
753 1033 890 1106 κάκιστος
918 1033 1028 1115 αἵρεσις
1057 1043 1118 1094 τῶν
1145 1035 1219 1096 είκο-

201 1132 338 1213 νομάχων
370 1130 499 1214 ἀκριβῶς
527 1131 696 1214 ἐλεγχθεῖσα
725 1131 775 1192 καί
805 1131 839 1193 τὰ
867 1131 996 1214 βδελυρά
1028 1132 1140 1210 ταύτης
1169 1138 1216 1211 λη-

161 1252 186 1291 ιο
200 1231 315 1312 ρήματα
338 1231 504 1313 διαρρήδην
526 1229 746 1311 ἀνατραπέντα,
773 1229 901 1313 φαιδρὸς
925 1228 940 1291 δ
963 1241 1016 1311 τῆς
1039 1228 1217 1311 όρθοδοξίας

200 1330 286 1411 λόχος
302 1328 489 1409 Ιἐξανέτειλεν
517 1329 614 1411 ὥσπερ
642 1329 675 1391 έκ
701 1353 791 1392 τινων
819 1329 957 1410 μυχάτων
988 1328 1039 1390 καί
1068 1329 1215 1404 δυσδιεξο-

200 1429 312 1491 δεύτων
335 1429 529 1510 λαβυρίνθων
551 1427 602 1490 καὶ
624 1438 783 1491 σκοτεινῶν
806 1428 970 1510 βαράθρων
992 1437 1045 1506 τῆς
1066 1427 1215 1510 ε’ξαχίστου

199 1526 250 1588 καί
281 1526 536 1607 πεφενακισμένης
567 1526 714 1609 αἱρέσεως.
762 1526 812 1588 καί
843 1527 938 1600 οὕτως
975 1524 991 1589 δ
1024 1524 1079 1606 μέν
1111 1527 1215 1605 ταύτης

199 1625 372 1706 προλεχθεὶς
399 1626 517 1706 ἔξαρχος
540 1625 589 1687 καὶ
612 1626 790 1698 διδάσκαλός
812 1649 841 1686 τε
864 1624 914 1686 καί
938 1627 1085 1706 συνίστωρ
1103 1618 1213 1703 Ἰαννῆς

159 1743 185 1784 1ο
200 1725 382 1806 φατριάρχης
405 1724 573 1805 ἐκβάλλεται
595 1723 645 1786 καὶ
667 1723 911 1804 ἀναθεματίζεται
935 1725 1056 1797 δικαίως
1079 1723 1132 1785 καί
1150 1730 1212 1785 θεο-

199 1823 304 1904 κρίτως
327 1824 407 1885 πάνυ
431 1823 487 1884 σὺν
510 1830 571 1896 τοῖς
592 1820 759 1904 δμόφροσιν
782 1823 875 1884 αὐτοῦ
898 1823 1037 1895 διάκταις
1060 1821 1111 1882 καλ
1135 1822 1214 1904 ὑβρι-

199 1928 280 1994 σταῖς
317 1919 358 1996 δις
388 1921 545 2000 ἀνήκεστοι
572 1923 698 2001 πάμπαν
725 1920 775 1982 καλ
803 1921 962 1994 λυσσώδεις
990 1921 1052 1999 άμα
1084 1920 1135 1982 καί
1165 1931 1215 2000 τῆς

198 2019 342 2101 ἀληθείας
374 2019 523 2083 ἀντίθετοι
553 2023 634 2100 λίαν,
668 2020 764 2102 ῶσπερ
796 2020 833 2100 δή
866 2019 916 2080 καλ
946 2019 978 2080 οί
1002 2028 1055 2099 τής
1084 2029 1215 2100 μυσαρᾶς

198 2119 248 2180 καί
275 2121 494 2199 δαιμοντάδους
521 2121 684 2200 θρησκείας
707 2128 766 2180 τῶν
788 2119 985 2198 Μανιχαίων,
1015 2111 1070 2195 ἀφ’
1098 2111 1141 2180 ὧν
1168 2117 1216 2178 καὶ

158 2237 185 2276 κο
198 2216 253 2296 τήν
281 2219 378 2299 μάχην
406 2218 456 2280 καί
483 2219 593 2297 μανίαν
626 2216 700 2278 κατὰ
732 2227 784 2298 τῆς
811 2217 956 2299 ένσάρκου
984 2218 1071 2292 θείας
1099 2217 1215 2280 οἰκονο-

199 2317 267 2394 μίας
299 2316 353 2396 τήν
381 2315 522 2397 ἀφορμήν
554 2315 604 2376 καλ
631 2314 725 2397 ἀρχήν
753 2317 925 2395 εἰλήφασιν,
957 2313 1158 2396 ἀντεισάγεται
1184 2312 1215 2376 δέ

197 2424 283 2499 κοινή
314 2415 411 2500 ψήφῳ
444 2413 495 2476 καί
523 2416 594 2499 θείᾳ
625 2417 759 2502 προβολή
791 2437 820 2476 τε
851 2413 901 2475 καὶ
933 2414 1028 2497 χάριτι
1056 2414 1215 2490 Μεθόδιος

197 2510 213 2574 δ
236 2512 371 2593 ἀοίδιμος
398 2513 448 2575 καί
475 2523 528 2594 τής
556 2512 737 2594 ὀρθοτομίας
769 2513 819 2574 καὶ
847 2510 1025 2594 ὀρθοδοξίας
1055 2511 1215 2595 πρόμαχος,

197 2611 230 2685 λίς
253 2635 284 2694 χε
307 2623 406 2674 πᾶσαν
429 2611 469 2687 ὡς
492 2613 562 2688 έπος
584 2613 679 2674 εἰπεῖν
701 2623 754 2674 τοῦ
776 2636 805 2674 τε
832 2611 973 2692 διαβόλου
997 2611 1052 2690 τήν
1075 2609 1215 2692 ὀλέθριον

156 2731 182 2773 ετ
196 2709 270 2771 κατὰ
292 2721 351 2773 τῶν
373 2713 461 2793 ίερῶν
484 2712 609 2774 εἰκόνων
632 2713 793 2791 μεθοδείαν
820 2709 870 2772 καί
897 2709 952 2788 τήν
974 2708 1104 2790 βέβηλον
1131 2732 1214 2771 κενο-

197 2811 315 2886 φωνίαν
341 2819 401 2871 τῶν
427 2810 618 2891 αίρεσιαρχῶν
646 2809 696 2872 καλ
724 2819 874 2889 φοιτητῶν
901 2818 954 2889 τῆς
976 2807 1098 2871 ἐκείνων
1125 2832 1214 2870 κακο-

196 2907 281 2981 νοίας
302 2906 353 2969 καί
371 2909 603 2991 φρενοβλαβείας
624 2905 728 2989 άριστα
750 2907 800 2970 καλ
819 2906 985 2986 σαφέστατα
1008 2906 1216 2989 προδιελέχξας

195 3005 245 3068 καλ
268 3005 437 3087 ἀνατρέψας
459 3007 487 3069 εἰ
505 3007 558 3067 καί
574 3029 617 3080 τις
635 3004 731 3086 ἀλλος,
754 3005 804 3068 καί
827 3005 876 3067 διδι
898 3015 985 3068 τοῦτο
1008 3005 1137 3079 πολλοὺς
1160 3003 1214 3085 μέν

268 3177 282 3224 1
302 3169 515 3238 καταρτήσαςΑ
534 3169 741 3239 κατηρτήσαςΟ
759 3169 997 3240 καταρασάμενος
1009 3171 1042 3225 R.
1058 3203 1091 3211 —
1107 3177 1122 3224 2
1137 3189 1210 3235 παρ-

195 3242 324 3307 εσκεύαζε
338 3243 371 3331 Α,
387 3275 420 3282 -
442 3247 474 3295 10
494 3244 622 3310 φαιδρῶς
635 3243 667 3294 A.
683 3275 718 3282 -
738 3248 769 3296 11
787 3240 961 3298 ἐπανέτειλεν
976 3243 1004 3296 Μ
1023 3241 1162 3333 ἀνέτειλεν
1176 3241 1209 3294 R.

195 3314 511 3452 κοκκηκ
531 3313 1213 3454 κοαττεμπτςηκτοι

157 3523 160 3526 ⁴
197 3453 253 3520 (-ής
266 3453 302 3522 D)
321 3453 496 3526 φατριάρχης
505 3460 569 3523 post
582 3453 818 3525 ἀναθεματίζεται
834 3474 858 3510 ο.
875 3463 907 3510 15
923 3458 974 3512 κ’κο.
990 3457 1024 3510 N.
1039 3489 1073 3498 -
1094 3463 1127 3512 18
1143 3454 1212 3528 ὅπερ

196 3522 228 3573 A.
254 3554 287 3562 —
311 3527 345 3576 20
368 3524 417 3577 καλ
444 3524 495 3592 τὴν
518 3523 624 3594 μανίαν
647 3525 676 3579 O.
701 3557 734 3566 -
762 3524 846 3588 θείας
869 3544 919 3583 ονκ.
939 3527 973 3583 N.
1001 3560 1033 3570 -
1063 3534 1096 3582 24
1120 3526 1159 3590 ῶς
1181 3552 1212 3602 χε

196 3590 250 3643 Ac,
275 3623 308 3631 -
332 3613 363 3662 γε
385 3595 435 3647 καλ
452 3603 547 3650 πᾶσαν
566 3595 599 3649 Α.
618 3627 653 3636 -
673 3603 707 3652 25
727 3595 868 3668 μεθοδίαν
887 3599 966 3654 codd.
