2617 3909
190 231 255 297 508
497 232 684 284 οωεετιοο
701 232 885 285 ωουλιτοτ

189 381 294 463 κράτος
316 380 366 442 καί
388 381 558 460 συμφώνως
576 378 757 461 ἐβεβαίωσαν
774 379 918 462 παρεκτὸς
931 375 1046 460 ’Λρείου
1063 390 1117 442 τοῦ
1136 378 1206 442 ἀσε-

189 482 263 560 βοῦς
289 478 340 540 καὶ
367 476 464 541 άλλων
485 480 520 552 ’ἐξ
544 475 725 558 δμαφρόνων
746 477 850 557 αύταῦ,
872 475 926 552 οὓς
948 476 999 538 καί
1020 476 1207 556 ἀναθεματί-

189 595 292 651 σαυτες
314 578 347 639 αί
365 581 446 638 θεῖαι
467 569 525 656 τιη’
551 575 673 657 πατέρες
695 572 711 636 δ
733 575 871 656 βασιλεὺς
891 574 1037 657 ἐξώρισεν.

255 673 343 738 Μετὰ
364 672 396 735 δέ
414 682 505 736 ταῦτα
523 671 784 754 φιλαπεχδήμανές
801 695 878 746 τινες
895 671 1001 755 άνδρες
1017 673 1094 733 κατά
1111 696 1205 736 τινων

161 781 246 837 ιτων
269 770 438 834 ἐπισκόπων
460 770 627 853 ἐγγράφους
649 768 802 833 ἐπέδωκαν
822 776 862 855 τῷ
880 771 998 850 βασιλεῖ
1014 773 1204 852 κατηγορίας.

88 887 127 925 ⁴⁰⁹
141 867 204 930 αλδ
227 867 260 932 δέ
281 869 389 944 ταύτας
412 869 570 949 δεξάμενος
596 868 646 930 καί
669 868 817 948 δεσμήσας
842 867 894 930 καί
914 875 955 951 τῷ
978 869 1124 954 δακτυλίω
1147 887 1203 949 ση-

187 967 356 1047 μηνάμενος
379 965 508 1031 ἐκέλευσε
531 968 740 1046 φυλάττεσθαι.
776 960 839 1028 είτα
856 966 932 1048 πρὸς
949 966 1072 1047 εἰρήνην
1090 967 1204 1040 αύτούς

186 1063 236 1127 καί
259 1062 401 1145 ὁμόνοιαν
424 1066 610 1147 σνμβτβάσας
632 1064 682 1126 καί
704 1065 812 1138 ταύτας
834 1066 958 1144 κομίσας
978 1063 1107 1126 ἐνάπιαν
1123 1066 1202 1127 πάν·

186 1185 245 1224 των
267 1161 444 1226 κατέκαυσεν
467 1163 544 1248 δρκςα
567 1164 800 1246 πληροφορήσας
821 1163 931 1237 αύτούς
953 1161 1047 1242 μηδέν
1066 1162 1202 1245 ἀναγνῶ-

146 1285 172 1326 ια
185 1285 236 1323 ναι
263 1270 322 1322 τῶν
348 1260 382 1323 ἐν
408 1261 512 1335 αύταιῖς
538 1260 756 1343 γεγραμμένων.
801 1259 839 1324 ού
865 1260 920 1343 γάρ
946 1261 1005 1340 ἐφη
1032 1271 1139 1344 χρῆναι
1164 1262 1203 1322 τὰ

185 1358 417 1440 πλημμελήματα
439 1367 498 1420 τῶν
521 1358 622 1441 ίερέων
645 1359 721 1438 δῆλα
742 1359 881 1441 γίνεσθαι
902 1365 963 1432 ταῖς
986 1364 1120 1439 πολλοῖς,
1150 1360 1203 1421 ἴνα

186 1458 225 1537 μὴ
248 1457 416 1519 σκανδάλου
439 1457 591 1537 πρόφασιν
613 1455 753 1518 ἐντεῦθεν
774 1457 974 1538 λαμβάνοντες
993 1455 1087 1530 άδεῶς
1105 1456 1202 1538 ἆμαρ-

184 1555 321 1616 τάνωσιν.
366 1553 423 1635 ἐγὼ
450 1552 482 1615 δέ
509 1554 537 1615 εί
565 1553 713 1633 αὐτόπτης
740 1553 884 1637 ἐγενόμην
913 1553 1074 1615 ἐπισκόπου
1102 1555 1202 1636 γάμον

185 1650 337 1732 ἀλλότριον
364 1652 581 1731 διορύττοντας,
611 1652 804 1730 συνεκάλυψα
827 1649 866 1712 άν
887 1661 923 1737 τῇ
951 1652 1116 1733 πορφυρίδι
1139 1675 1201 1732 μου

145 1749 276 1834 τοιαύτη
303 1749 336 1811 τὸ
363 1749 543 1829 παρανόμως
568 1749 740 1831 γινόμενον,
768 1748 809 1823 ὥς
837 1747 875 1810 ἂν
902 1750 942 1829 μὴ
972 1750 1102 1830 βλάψαιε
1128 1750 1202 1824 τούς

184 1843 356 1926 θεωμένους
387 1856 447 1908 τῶν
478 1844 686 1930 πραττομένων
712 1844 732 1926 ἡ
761 1846 841 1926 ὄψις.
891 1848 968 1910 αύτω
997 1848 1102 1908 τοίνυν
1128 1848 1201 1922 τοὺς

184 1942 238 2024 μέν
260 1937 294 2006 εύ
317 1943 454 2026 λέγοντας
476 1943 702 2026 ἀνακηρύττων,
730 1945 800 2018 τούς
822 1943 854 2007 δὲ
876 1943 1081 2025 ἀντιλέγοντας
1102 1968 1200 2027 παρα-

183 2047 326 2122 κληττκῶς
352 2042 395 2118 είς
423 2040 564 2124 δμύναιαν
586 2043 721 2105 ἐλαύνων
746 2042 817 2116 τοὺς
845 2043 958 2115 πάντας
984 2039 1200 2124 δρωγνιόμανοις

183 2139 233 2202 καί
257 2138 420 2221 ὁμοδόξους
441 2140 490 2204 ἐπλ
511 2147 573 2215 ταῖς
594 2139 886 2222 ἀμφισβητουμένοις
904 2140 997 2200 άπασι
1012 2139 1198 2219 κατέστησεν.

144 2237 232 2303 κακαί
255 2240 332 2301 αύτω
355 2237 535 2322 παραινέσας
560 2239 675 2312 πάντας
701 2237 751 2300 καί
772 2242 884 2317 πολλῆς
905 2246 992 2317 τιμῆς
1013 2259 1043 2298 τε
1065 2237 1117 2299 καί
1138 2239 1197 2300 δω-

234 2389 344 2508 141-812.2
344 2389 403 2453 509,
414 2390 430 2438 2
445 2383 611 2440 Theodoret.
625 2384 660 2438 H.
676 2383 742 2438 eccl.
752 2381 773 2451 L
785 2388 827 2450 11,
837 2388 863 2436 4.
888 2384 1071 2437 ἐπαινῆται.
1090 2388 1200 2448 16-19,

183 2472 216 2509 απ
248 2497 255 2522 ,
306 2497 313 2522 ,
347 2498 352 2508 .

254 2575 269 2622 2
289 2568 339 2633 οὓς
352 2570 400 2623 καί
413 2568 489 2623 ABP
507 2571 555 2624 καί
570 2587 619 2624 om.
634 2570 695 2624 rell.
711 2602 744 2611 -
760 2575 776 2624 3
790 2569 908 2638 πατέρες
920 2570 977 2639 τιη’
993 2569 1026 2625 N.
1043 2602 1076 2610 -
1091 2576 1108 2623 4
1123 2589 1197 2633 τινες

182 2640 284 2706 ἄνδρες
301 2639 403 2694 ABPV
425 2659 499 2703 τινες
517 2658 567 2697 om
581 2641 641 2696 rell.
666 2641 721 2697 ἄνδ
721 2660 768 2710 ρες
785 2658 836 2696 om
851 2641 917 2696 Exc.
933 2641 968 2694 de
986 2642 1102 2695 virt.—
1123 2641 1196 2695 κατά

182 2731 262 2774 τινας
279 2712 304 2764 Α
327 2710 399 2764 κατά
417 2711 601 2773 τιναςΒ.-
625 2713 709 2766 8καλ
730 2713 835 2775 ταύτας
851 2712 976 2767 ABFPV
985 2712 1051 2767 Exe
1075 2713 1125 2767 καί
1144 2730 1194 2767 om.

181 2782 299 2836 τελλ-
325 2786 358 2836 10
377 2781 408 2837 ἐν
429 2782 525 2846 αὐτοῖς
541 2782 687 2838 ERV—
711 2783 937 2854 ἐγγεγραμμένων
956 2783 1137 2838 ABExc-
1161 2785 1195 2838 ού

182 2854 234 2924 γάρ
220 2852 404 2921 ρΕΝΡΕΧα.
415 2852 519 2907 Theod.
544 2853 660 2909 αύδέ
629 2874 683 2924 γρα
702 2853 819 2908 τελλ-
843 2861 874 2910 11
896 2854 1029 2925 γενέσθαι
1047 2855 1140 2909 ΑΜΒ
1161 2887 1194 2895 -

182 2925 249 3052 ἓῗ
223 2923 550 3069 {ww
562 2874 1020 3065 101302225'52225ffl
1039 2927 1195 3067 ῗιᾙιῖίίί

182 3066 314 3158 (ρδεπρμί
314 3088 370 3125 νων
431 3067 491 3121 rell
500 3067 654 3122 Theodae-
673 3072 704 3121 17
720 3069 904 3139 εύλαγαῦντας
917 3068 1064 3125 ΓΕιιαμ-
1082 3074 1115 3122 18
1129 3070 1195 3132 τούς

182 3139 212 3194 δέ
231 3137 340 3202 πάντας
359 3137 485 3193 GERV

253 3254 365 3309 λύλλοι
388 3254 416 3321 ἐξ
440 3253 491 3325 ὁμ’
476 3275 491 3310 ο
493 3255 702 3325 φ.-ρυνεςΡ
726 3261 742 3308 5
765 3264 821 3310 τῶν
844 3273 894 3310 om.
912 3255 1067 3311 PExe.-
1093 3263 1193 3310 9κατ-

181 3324 299 3380 ἐκαυσεν
317 3277 506 3396 ὀμωμοκὼς(
480 3329 528 3396 (ως
541 3327 605 3382 αδδ
610 3325 634 3396 2)
654 3325 724 3397 μηδὲ
725 3347 742 3382 ν
760 3328 913 3416 δγαγναὺς
919 3335 975 3382 τῶν
989 3327 1193 3398 γεγραμμένων.

180 3395 371 3451 PTheod-
395 3403 428 3450 14
447 3417 500 3465 μου
518 3414 569 3453 om.
584 3397 668 3452 P.-
688 3403 721 3451 15
741 3397 823 3523 βλάψ
818 3397 951 3452 αιΡ.-
975 3404 1008 3452 20
1027 3399 1096 3453 Post
1112 3397 1193 3453 κατέ-

181 3485 229 3536 στη
232 3484 279 3521 σεν
297 3467 431 3521 PTheod.
452 3469 531 3522 αδδ..·
557 3468 593 3532 ὡς
616 3466 767 3537 ὁμόφωνον
791 3469 841 3537 μὲν
863 3475 1000 3537 κρατῆσαι
1020 3469 1072 3538 τὴν
1090 3466 1193 3536 πίστιν,

180 3545 230 3607 τῆς
258 3536 290 3592 δέ
312 3546 361 3592 τοῦ
384 3537 478 3609 πάσχα
502 3539 598 3608 ἑορτῆς
622 3540 671 3594 τὸν
697 3540 784 3594 αύτόν
811 3539 889 3607 παρὰ
911 3549 970 3604 τοῖς
996 3549 1064 3595 πᾶσι
1092 3541 1193 3608 καιρόν

181 3608 398 3680 ὁμολογηθῆναι.
