2617 3909
181 236 246 302 556
494 236 680 288 Γειεονιοο
697 233 881 288 Μουσείου

180 393 282 460 στολος
310 387 457 465 ἐδίδαξεν,
485 384 583 447 ἐλθὼν
606 381 622 444 ὅ
645 384 783 464 βασιλεὺς
804 382 925 462 Οὐάλης
949 382 1000 444 καί
1028 383 1102 446 ι’δδεν
1125 387 1200 462 τοὺς

179 485 284 566 ὄχλους
310 495 370 546 τῶν
395 483 569 564 ὀρθοδάξων
596 491 648 562 τής
676 481 830 560 ἐκκλησίας
856 480 1056 562 ἐκβληθέντας
1083 483 1134 545 καί
1162 485 1199 546 ἐν

179 590 218 668 τῷ
237 584 328 668 πεδίῳ
346 581 545 661 ποιουμένους
563 579 617 659 τήν
636 580 760 654 σύναξιν
778 581 821 654 είς
838 581 984 660 τοσαύτην
1003 579 1095 663 ἀρχήν
1119 581 1198 662 ἀνή-

180 688 263 761 φθη,
291 681 363 742 ὥστε
386 680 507 753 οἰκείαις
534 677 612 760 χερσί
639 688 783 757 τυπτήσαι
807 678 858 740 τὸν
881 679 1015 762 ύιιαρχον
1043 679 1117 740 κατὰ
1141 693 1197 742 τοῦ

153 781 353 862 ιπροσάπου,
386 778 542 858 ἐπειδήπερ
573 776 628 839 οὐκ
660 776 849 856 ἐδιώχθησαν
880 775 1020 838 κάκεύθεν
1051 779 1085 839 οἱ
1113 777 1197 859 ὄχλοι

178 877 314 957 καθάπερ
342 875 431 948 αὐτὸς
457 873 638 956 προσέταξεν.
685 873 796 947 ἐκεῖνος
822 871 854 934 δέ
880 876 985 956 καίπερ
1004 870 1118 954 Ἕλλην
1150 875 1196 938 ὢν

178 973 228 1035 καλ
245 973 326 1057 παρὰ
344 983 396 1035 τοῦ
415 971 556 1053 βασιλέως
574 971 729 1053 δβρισθελς
749 973 830 1051 ὅμως
847 979 948 1056 σκοπῷ
963 977 1196 1056 φιλανθρωπίας

178 1081 213 1158 τῇ
234 1071 302 1152 ἐξής
320 1071 432 1151 μέλλων
455 1070 503 1132 ἐπί
521 1070 673 1151 πόρθησιν
691 1080 750 1131 τῶν
769 1069 863 1152 ὄχλων
885 1069 993 1145 ἐξιέναι
1012 1080 1099 1133 τοῦτο
1119 1071 1194 1134 αὐτὸ

178 1172 270 1251 δῆλον
302 1176 364 1243 τοῖς
393 1170 525 1242 πολίταις
556 1170 700 1248 πεποίηκε
731 1168 781 1230 διὰ
812 1170 968 1250 λαθραίαν
999 1171 1192 1249 μηνυμάτων,

137 1289 163 1328 10
177 1269 249 1331 ὥστε
272 1269 463 1347 φυλάξασθαι
486 1266 536 1328 καλ
559 1267 599 1347 μή
622 1265 766 1328 ἀπελθεῖν
788 1267 831 1341 είς
852 1265 908 1345 τήν
928 1267 1059 1341 σύναξιν.
1101 1269 1193 1330 πάλιν

175 1367 271 1430 ἕωθεν
294 1366 408 1448 προιδον
436 1367 558 1450 μεγίστῳ
588 1364 674 1451 φύβφ
702 1363 776 1446 ύπέρ
798 1365 831 1426 τὸ
854 1365 927 1437 ἐθος
951 1364 1001 1426 διὰ
1024 1375 1076 1444 τής
1099 1367 1192 1428 αὐτοῦ

175 1467 282 1540 τάξεως
309 1465 404 1527 ἐπιύει
431 1462 481 1524 καλ
507 1463 604 1523 πάντα
630 1462 723 1524 ἐποίει
754 1461 825 1523 ὥστε
853 1460 967 1541 μηδένα
997 1463 1191 1525 κινδυνεῦσαι

175 1574 227 1624 τοῦ
251 1569 332 1624 λαοῦ.
374 1561 450 1642 ἐώρα
473 1557 505 1621 δέ
529 1560 608 1639 ὅμως
632 1559 718 1640 ὄχλον
739 1561 862 1621 πλείονα
880 1569 933 1640 τής
954 1562 1119 1639 συνηθείας
1141 1562 1192 1623 ἐπὶ

174 1660 227 1722 τὸν
251 1660 343 1720 τύπον
370 1659 484 1721 ἐκεῖνον
511 1658 693 1739 πορεύεσθαι
719 1658 769 1719 καλ
792 1656 959 1741 συντρέχειν
985 1657 1036 1719 καλ
1062 1660 1192 1732 πολλοὺς

136 1775 161 1815 ιι
175 1757 359 1838 ἐπιταχύνειν
392 1754 498 1818 ὡσανεί
530 1754 739 1836 φοβουμένους
770 1756 811 1835 μή
838 1780 882 1830 τις
912 1756 945 1818 ἐκ
971 1766 1024 1817 τοῦ
1053 1758 1191 1819 θανάτου

175 1854 354 1940 ἀπολειφθῇ,
396 1854 428 1916 ἐν
456 1852 488 1915 δὲ
515 1861 554 1938 τῷ
579 1854 686 1932 μεταξύ
718 1856 770 1915 καί
795 1878 822 1915 τι
848 1855 974 1936 γύναιον
1007 1853 1061 1939 δρᾷ
1095 1857 1192 1930 οὕτως

174 1953 350 2035 ἐπιταχύνον
369 1953 418 2014 καί
437 1953 566 2014 σπεῦδον
586 1950 625 2026 ὡς
644 1951 720 2033 μηδέ
738 1953 816 2027 ἐξιὸν
835 1951 894 2014 ἀπὸ
913 1963 965 2033 τής
983 1953 1079 2026 οἰκίας
1097 1971 1190 2035 προσ-

173 2058 284 2114 κλεῖσαι
306 2051 358 2126 τὰς
377 2053 475 2133 θύρας
498 2051 569 2131 μήτε
592 2058 758 2133 περιμεῖναι
781 2051 933 2133 εὐπρεπῶς
955 2052 988 2112 τδ
1011 2061 1108 2132 σχήμα
1130 2062 1190 2113 τῶν

174 2160 325 2231 γυναικῶν
348 2147 561 2231 περιβαλέσθαι
583 2150 721 2230 καθάπερ
744 2149 832 2231 ε’χρήν
854 2148 1004 2228 ἐπιμελῶς.
1050 2149 1134 2230 ἔφερε
1159 2147 1191 2211 δὲ

134 2265 160 2304 εο
174 2243 243 2327 μεθ’
264 2247 371 2329 ἐαυτής
399 2245 418 2327 ή
446 2248 523 2330 γυνή
551 2247 602 2308 καλ
629 2248 750 2309 παιδίου
777 2247 887 2326 νήπιον
919 2247 969 2308 καί
996 2249 1188 2333 σφοδροτάτῳ

174 2347 273 2431 δρόμῳ
292 2347 347 2426 τήν
365 2347 447 2419 τάξιν
465 2355 519 2406 τοῦ
537 2345 672 2426 ύπάρχου
691 2345 872 2427 διαρρήξασα
890 2345 1039 2407 ἔσπευδεν.
1075 2345 1189 2419 ἐκεῖνος

173 2442 204 2505 δὲ
228 2445 332 2507 λοιπὸν
355 2443 392 2504 ού
416 2443 526 2524 φέρων,
549 2445 712 2524 κατάσχετε,
735 2443 809 2523 ἐφη,
836 2443 890 2522 τήν
912 2449 1040 2524 γυναῖκα
1067 2443 1117 2504 καλ
1141 2444 1188 2505 ἐν·

172 2548 272 2601 ταῦθοι
299 2540 426 2622 ἀγάγετε.
473 2541 518 2602 ὅτε
546 2539 578 2602 δέ
601 2540 698 2621 ἐκείνη
726 2545 938 2621 κατασχεθεῖσα
960 2539 1089 2621 ἠνέχθη,
1116 2551 1188 2621 ποῦ,

172 2637 246 2718 ἐφη,
274 2631 297 2699 ὦ
326 2639 471 2719 δυστυχής
498 2639 601 2720 χύυαι,
628 2639 826 2721 ἐπιταχύνασα
853 2639 1003 2716 σπεύδεις;
1031 2636 1051 2719 ή
1075 2638 1121 2719 δέ,
1144 2641 1188 2713 εἰς

132 2752 157 2791 ιε
171 2737 203 2797 τὸ
230 2737 344 2817 πεδίον,
371 2737 445 2816 ἐφη,
477 2736 553 2797 ἔνθα
581 2735 597 2799 δ
624 2747 683 2799 τῶν
710 2743 880 2799 καθολικῶν
908 2736 991 2817 ὄχλος
1021 2739 1186 2818 συνάγεται.

171 2833 220 2896 καὶ
244 2833 299 2896 ούκ
322 2833 449 2914 ἀκούεις,
473 2833 546 2914 ἐφη,
570 2835 614 2896 ὅτι
637 2832 653 2895 δ
676 2837 807 2919 ύπαρχος
830 2835 921 2896 ἐκεῖσε
944 2835 1112 2918 πορεύεται,
1136 2835 1186 2895 ἴνα

171 2933 283 3006 πάντας
306 2931 410 3020 ἀνέλη,
434 2930 487 3006 οὓς
509 2930 547 2993 ἀν
569 2933 658 3017 εὕρῃς
682 2931 701 3013 ή
725 2931 757 2994 δέ
780 2931 968 3014 ἀπεκρίνατο·
997 2931 1113 3011 ἀκήκοα
1135 2932 1186 2994 καὶ

172 3031 220 3091 διὰ
242 3039 328 3093 τοῦτο
358 3031 491 3110 σπεύδω,
519 3031 569 3092 ἴνα
592 3030 654 3092 ἐκεῖ
672 3030 795 3112 εὑρεθῶ.
841 3030 922 3093 τοντλ
949 3029 981 3092 δὲ
1008 3031 1041 3091 τὸ
1063 3031 1185 3093 παιδίον

170 3139 229 3189 ποῦ
252 3127 357 3205 έλκεις;
384 3128 496 3202 ἐκεῖνος
520 3129 587 3208 ἐφη.
628 3126 647 3208 ή
672 3127 704 3189 δὲ
727 3127 915 3209 ἀπεκρίνατο·
944 3129 993 3189 ἵνα
1021 3127 1071 3189 καλ
1096 3127 1184 3201 αύτδς

241 3332 257 3378 2
272 3327 321 3379 καλ
335 3327 384 3380 del.
395 3327 449 3380 vid.
458 3328 492 3393 cs.
503 3326 593 3380 Rufin.
606 3332 667 3378 -4
682 3327 803 3397 ἔπαρχον
815 3326 898 3381 GRV.
908 3360 941 3367 -
954 3333 987 3380 10
1001 3328 1050 3380 καλ
1063 3327 1099 3396 μή
1111 3326 1183 3381 ABV

170 3398 219 3450 καλ
237 3413 287 3450 om.
307 3397 367 3450 rell.
386 3427 421 3436 —
441 3404 473 3450 11
494 3397 580 3460 ἔθνος
597 3396 654 3450 BG.
675 3428 710 3438 -
730 3403 762 3450 16
782 3396 831 3452 κοιί
847 3397 952 3522 “kmi
973 3418 1016 3452 τοι
1031 3398 1056 3450 Α
1074 3418 1101 3450 τι
1121 3401 1182 3468 (σοι.

170 3466 227 3537 καί)
245 3466 272 3521 O.
289 3499 322 3507 —
343 3473 375 3519 21
396 3466 519 3537 ἐπάρχου
537 3467 618 3521 LRV.
634 3499 666 3507 -
688 3473 722 3521 26
741 3469 862 3540 ἔπαρχος
900 3469 933 3523 V.
950 3503 984 3511 -
1003 3476 1035 3522 2⁷
1055 3468 1183 3524 άνέλειῡ

170 3541 263 3594 ἀνελεῖ
277 3537 333 3591 ΑΕ.
352 3569 386 3577 -
401 3535 437 3591 ἀν
452 3555 501 3592 ονε.
513 3539 568 3594 FL.
585 3569 617 3578 —
638 3544 672 3591 29
693 3539 809 3612 ἐκεῖνος]
827 3540 843 3595 δ
857 3539 984 3614 ύνιαρχος
997 3541 1054 3595 BL.
1076 3573 1108 3580 —
1129 3541 1182 3610 ἔφη

169 3615 240 3676 πρὸς
259 3608 347 3676 αύτήν
365 3608 413 3662 AB
437 3610 524 3664 invito
542 3609 606 3662 Rus.
627 3641 660 3650 -
680 3611 765 3675 αὐτὸς
783 3611 914 3666 ACDEV
938 3612 1006 3667 αύτδ
1026 3611 1130 3665 BFLR.
