2617 3909
528 223 717 276 XPONIKON
1066 221 1129 286 719

13 402 14 423 1
119 372 213 454 θηταλ
233 371 332 434 αὐτῶν
350 371 548 431 Παυλικιάνοι
570 369 751 448 ἐκλήθησαν.
787 363 869 430 οὗτοι
886 370 919 430 οἱ
934 370 1132 431 Παυλικιάνοι
1145 383 1185 424 606
1198 380 1235 420 Μ·

12 495 16 527 ι
119 470 192 550 μετὰ
222 469 348 552 χρόνους
378 467 461 541 τινὰς
490 477 542 547 τῆς
571 468 694 548 διδαχῆς
717 459 812 528 Ιτοῦδε
843 476 896 529 τοῦ
924 467 1049 528 Παύλου
1082 466 1131 545 [οά

13 596 17 624 ι
120 564 262 648 πολλοὺς]
281 565 379 648 ἕτερον
396 566 482 646 ἔσχον
499 565 678 626 διδάσκαλον
693 569 922 627 Κωνσταντῖνον
939 565 1132 645 καλούμενον,

13 692 16 721 ι
122 667 200 740 ὅστις
228 665 334 727 ἑαυτὸν
357 663 527 725 Σιλουανὸν
550 662 762 742 μετωνόμασεν.
808 672 913 724 τοῦτον
938 655 995 725 οὖν
1017 662 1133 743 ἔχουσιν

13 791 14 819 1
122 763 252 846 ἀρχηγὸν
269 773 328 823 τῶν
343 761 529 823 διδασκάλων
545 761 645 823 αὐτῶν
663 760 713 824 καὶ
731 759 796 840 οὐχὶ
813 761 864 822 τὸν
878 765 1010 822 Παῦλον.
1046 755 1134 835 οὗτος
1161 783 1173 822 ι

12 889 14 919 1
123 862 179 944 γὰρ
203 860 304 933 αὐτοῖς
327 857 477 939 παρέδωκε
499 859 551 932 τδις
574 856 627 938 μὲν
649 857 774 942 αἱρέσεις
796 858 889 920 αὐτοῦ
907 859 962 920 οὐκ
980 859 1134 941 ἐγγράφως

119 959 196 1021 ἀλλὰ
223 957 366 1040 ἀγράφως
391 955 466 1019 κατὰ
493 957 672 1037 παράδοσιν,
700 955 732 1018 τὸ
755 955 924 1038 εὐαγγέλιον
952 955 984 1019 δὲ
1010 956 1134 1018 καὶτὸν

120 1057 289 1120 ἀπόστολον
315 1055 470 1136 ἐγγράφοις
496 1053 704 1136 ἀπαράλλακτα
732 1051 786 1133 μὲν
811 1063 846 1139 τῇ
868 1064 969 1139 γραφῇ
997 1054 1045 1116 καλ
1073 1061 1134 1128 τοῖς

122 1157 221 1237 λόγοις
248 1152 289 1228 ὡς
316 1151 367 1214 καλ
393 1152 428 1212 τδι
454 1148 525 1234 παρ’
548 1149 621 1233 ἡμῖν
648 1151 720 1214 όντα
747 1152 848 1224 αὐτοῖς
875 1153 1042 1233 παραδούς,
1069 1154 1134 1213 δια-

123 1252 251 1335 στρέψας
279 1248 311 1311 δὲ
337 1248 459 1311 ἕκαστον
485 1251 649 1327 κεφάλαιον
680 1250 753 1330 πρὸς
784 1249 836 1323 τὰς
863 1249 969 1311 ἑαυτοῦ
1001 1247 1135 1330 αἱρέσεις,
1149 1272 1175 1311 ιο

123 1348 328 1429 νομοθετήσας
352 1347 524 1421 αὐτοῖςκαὶ
548 1357 648 1428 τοῦτο,
677 1349 718 1427 μὴ
747 1349 811 1409 δεῖν
832 1346 932 1430 ἑτέραν
954 1348 1059 1428 βίβλον
1081 1349 1136 1428 τὴν

121 1449 249 1508 ὀἷανοῦν
262 1445 485 1527 ἀναγινώσκειν,
503 1447 531 1508 εἰ
543 1446 584 1525 μὴ
598 1447 631 1508 τὸ
648 1445 818 1527 εὐαγγέλιον
836 1444 886 1506 καλ
899 1445 950 1506 τὸν
964 1443 1136 1507 ἀπόστολον.

192 1543 280 1604 Μετὰ
311 1541 344 1604 δὲ
375 1548 604 1606 Κωνσταντῑνον
634 1544 686 1606 τὸν
718 1541 768 1604 καὶ
799 1543 969 1606 Σιλουανὸν
1000 1543 1137 1624 δεύτερον

124 1643 211 1722 ἔσχον
238 1641 417 1703 διδάσκαλον
438 1647 586 1722 Συμεῶνα
612 1641 810 1720 καλούμενον,
839 1641 1077 1720 μετουομάσαντα
1094 1637 1136 1708 ’δὲ

124 1738 232 1801 ἑαυτὸν
257 1743 359 1820 Τῖτον,
387 1741 483 1821 τρίτον
506 1737 538 1800 δὲ
558 1735 711 1820 Ἀρμένιόν
734 1761 799 1799 τινα
822 1744 861 1822 τῷ
879 1736 971 1819 γένει,
999 1723 1137 1801 Γενέσιον
1151 1761 1177 1802 15

126 1832 180 1916 μὲν
203 1837 398 1916 καλούμενον,
421 1837 660 1916 μετονομάσαντα
680 1833 836 1898 δὲὲαυτὸν
858 1837 1016 1916 Τιμόθεον,
1039 1835 1137 1919 τέταρέ

122 1957 177 1995 τον
200 1932 232 1995 δὲ
247 1929 368 2014 Ἰωσήφ,
391 1935 630 2015 μετονομάσαντα
653 1932 685 1996 δὲ
708 1933 814 1995 ἑαυτὸν
834 1927 1064 2015 Ἐπαφρόδιτον,
1087 1933 1137 1994 καὶ

198 2105 213 2152 2
227 2105 277 2166 τῆς
291 2103 410 2169 διδαχῆς
419 2114 469 2152 σοι.
478 2097 539 2151 BD.
548 2128 581 2136 -
593 2103 609 2148 3
624 2095 718 2162 ἕτερον
734 2097 814 2167 ἔσχον
825 2095 1028 2150 διδάσκαλονΒ
1044 2094 1137 2163 ἕτερον

127 2169 208 2240 ἔσχον
227 2172 287 2238 (σοι.
305 2171 388 2224 etiam
406 2169 588 2237 διδάσκαλον)
601 2166 627 2220 V
646 2169 680 2220 οὐ
698 2168 818 2229 πολλοὺς
837 2165 871 2220 ἔτ.
892 2166 972 2238 ἔσχον
990 2170 1045 2222 διδ.
1060 2165 1136 2220 AcD

124 2241 244 2302 πολλοὺς
258 2238 294 2294 ἔτ.
309 2240 390 2312 ἔσχον
404 2238 492 2294 διδΕ
506 2238 626 2300 πολλοὺς
639 2237 750 2304 ἑτέρους
763 2231 839 2308 εἶχον
853 2237 1040 2300 διδασκάλους
1053 2238 1086 2291 R.
1096 2263 1137 2278 ·-—
1167 2281 1169 2286 .

132 2316 147 2365 6
162 2310 270 2379 μὲνΑΒ
285 2327 335 2365 om.
351 2309 410 2364 rell.
421 2340 455 2350 —
471 2315 485 2362 ‘1
501 2306 562 2363 ἀλλ’
574 2309 691 2363 ODER.
702 2341 737 2348 —
752 2315 767 2361 9
782 2307 954 2370 αὐτοῐςΑΒΡ
967 2325 1017 2363 ονε.
1033 2308 1092 2363 rell.
1104 2341 1137 2348 —

127 2387 162 2435 13
179 2383 229 2436 τὸν
246 2399 296 2437 om.
312 2382 359 2434 AB
378 2388 403 2436 et
417 2397 486 2434 rece.
502 2381 626 2450 quidam.
644 2413 679 2420 -
699 2386 732 2433 14
752 2379 859 2448 ουμεὼν
873 2379 931 2436 AV.
947 2411 981 2420 -
1001 2381 1031 2436 δὲ
1051 2380 1138 2434 αὐτόν

127 2451 176 2506 Bc
195 2449 224 2508 δ’
240 2453 341 2508 ἑαυτὸν
359 2469 429 2506 rece.
444 2451 561 2521 quidam
584 2450 685 2506 ἑαυτὸν
703 2467 774 2505 rece.
793 2450 928 2519 plerique.
949 2483 982 2490 —
1011 2457 1043 2505 15
1062 2448 1138 2510 τλτον

127 2522 232 2579 AODE
251 2532 276 2580 et
288 2541 359 2578 rece.
373 2523 509 2593 plerique.
524 2554 559 2562 -
577 2521 719 2593 γεγνέσιον
734 2522 820 2576 ODE.
836 2555 870 2563 -
890 2529 923 2579 16
941 2523 990 2576 καλ
1007 2521 1139 2591 τέταρτον

128 2594 219 2663 ἰωσήφ
234 2596 259 2648 Α
276 2595 408 2664 τέταρτον
423 2594 514 2664 λωσήφ
528 2595 559 2648 Β.
575 2599 658 2667 -117
673 2594 704 2648 δὲ
719 2593 805 2648 αὐτὸν
819 2594 842 2646 Β
861 2594 961 2650 ἑαυτὸν
976 2597 1035 2663 (om.
1051 2594 1092 2663 δὲ)
1104 2593 1137 2652 V.

201 2752 215 2799 l
234 2742 312 2801 οὗτοι
331 2746 358 2800 οἱ
375 2747 471 2817 παυλ.]
490 2744 522 2800 οἵ
535 2765 565 2816 γε
584 2744 614 2799 Ρ.
634 2778 667 2785 -
688 2751 775 2799 2-10
793 2747 833 2800 sic
850 2747 882 2799 ιἰι
899 2746 933 2800 P:
952 2751 1001 2814 τῆς
1019 2748 1075 2800 διδ.
1089 2751 1138 2798 τοῦ

127 2818 296 2886 δυσωνύμου
317 2818 428 2872 παόλου
450 2817 561 2872 διδάσκ.
581 2815 616 2871 ἔτ.
636 2817 719 2889 ἔσχον
740 2834 838 2872 κωνστ.
859 2820 918 2870 κοιλ.
940 2814 970 2879 ὃς
993 2815 1067 2870 ἑαντ.
1088 2818 1138 2869 σιλ.

129 2886 331 2957 μετωνόμασεν.
364 2887 398 2943 δν
416 2889 452 2958 δὴ
470 2889 588 2944 καὶτῶν
602 2890 659 2944 διδ.
673 2889 767 2942 αὐτῶν
780 2889 817 2956 ἀρ
835 2887 904 2958 ηγὸν
921 2887 958 2960 ἔγ.
974 2890 1077 2956 μᾶλλον
1091 2887 1139 2940 καλ

128 2960 192 3032 οόγλ
208 2960 259 3013 τόν
277 2980 307 3014 π.
326 2955 408 3024 οότος
428 2960 480 3030 γδιρ
500 2960 597 3022 αὐτοῖς
613 2958 712 3027 παρέδ.
732 2959 782 3020 τάς
804 2909 854 3029 μλν
873 2956 1074 3028 ἀρρητοποιΐας
1091 2957 1139 3011 καλ

129 3028 290 3101 δυσφημίας
312 3032 364 3085 οὐκ
382 3031 542 3102 ἐγγράφως,
564 3030 633 3085 ἀλλὰ
652 3038 789 3099 μυστικῶς
805 3049 835 3084 τε
853 3031 902 3084 κοιλ
920 3028 1067 3101 ἀγράφως,
1089 3029 1138 3083 τὸν

128 3103 160 3158 δὲ
184 3101 341 3157 ἀπόστολον
363 3103 412 3156 καλ
433 3103 465 3158 τὸ
484 3100 644 3172 εὐαγγέλιον
669 3101 815 3172 ἐγγράφως
837 3102 922 3169 ἀπαρ.
941 3100 992 3170 μὲν
1014 3099 1049 3155 τδι
1067 3097 1137 3168 παρ’

129 3173 197 3243 ἡμῖν
215 3175 312 3237 αὐτοῖς
329 3173 484 3242 παραδοός,
502 3175 608 3242 διαστρ.
624 3174 655 3228 δὲ
674 3173 745 3241 πρὸς
757 3172 923 3242 τὴνὲαυτοῦ
938 3169 1092 3226 κακόνοιάν
1110 3191 1139 3225 τε

129 3245 179 3298 καλ
202 3243 309 3314 αἵρεσιν
332 3243 449 3302 ἕκαστον
469 3263 542 3312 κεφ.’
556 3275 589 3284 -
614 3251 648 3300 12
667 3246 778 3314 ἀναγιν.
797 3241 814 3312 ἢ
833 3241 1045 3367 παραδέγεοθαι
1066 3242 1139 3311 πλὴν

129 3317 162 3370 τό
181 3315 274 3386 εόάγγ.
289 3318 338 3370 καλ
355 3316 405 3370 τὸν
420 3316 469 3370 ἀπ.
484 3315 522 3378 ὡς
539 3313 665 3385 ἐξελληφε
683 3317 732 3369 καλ
748 3313 920 3383 παρέδωκεν.
985 3347 1019 3358 -
1039 3320 1071 3368 13
1090 3315 1140 3368 τὸν

130 3403 229 3440 κωνοτ.
247 3386 277 3441 Ρ.
302 3418 335 3427 -
359 3386 503 3459 δεύτερον]
523 3385 617 3454 ἕτερον
634 3387 664 3440 P.
688 3419 724 3436 —-
748 3392 789 3440 14.
802 3391 834 3440 16
854 3395 981 3455 σνμεῶνα
1000 3385 1050 3455 μὲν
1069 3386 1139 3440 ὠνο-

131 3456 265 3529 μασμένοι
290 3479 381 3528 μετον.
400 3457 477 3514 δέτι
498 3457 548 3512 τδν
568 3456 676 3513 ἑαυτόν.
708 3454 775 3528 μεθ’
793 3455 826 3512 ὃν
844 3459 908 3526 ἀρμ.
927 3457 957 3510 Ρ.
982 3488 1016 3498 -
1041 3462 1073 3510 15
1092 3455 1141 3512 καλ

130 3530 188 3601 γέν.
202 3529 254 3598 μὲν
267 3530 296 3584 Ρ.
312 3561 347 3573 -
367 3535 471 3599 16—12.
488 3535 548 3598 720,
564 3537 578 3585 1
594 3527 730 3597 τιμόθεον
744 3528 854 3596 ἑαυτόν,
873 3528 970 3583 ἔπειτα
982 3527 1073 3597 λωοὴφ
1092 3526 1143 3580 καὶ

130 3599 356 3671 μετακαλέοαντα
373 3601 597 3670 δαυτδνόποιφρ.
612 3595 672 3655 εἶτα
690 3604 747 3671 ζαγ.
766 3601 798 3656 Ρ.
822 3653 828 3666 -.
845 3647 866 3654 .,
947 3643 950 3648 ⁴
996 3605 1003 3651 Ἰ
1065 3640 1074 3650 ,.
1109 3625 1110 3630 ’

185 3699 502 3751 θεοεςίυεΜοιιεοΙιατ
516 3702 551 3742 οδ
566 3701 594 3741 δε
608 3701 675 3740 Βοοε,
696 3702 727 3740 Π.
947 3692 981 3742 46
