2617 3909
532 222 722 274 Χεοκοτοω
1070 204 1147 285 575

123 388 195 431 στον
219 366 272 448 μὲν
295 366 375 449 μέχρι
398 367 460 429 τότε
483 366 663 450 ὑπάρχοντα,
686 357 794 449 σεμνόν
817 367 849 431 δὲ
876 368 926 430 καὶ
952 369 1063 450 εὐλαβῆ
1085 370 1136 431 καὶ

124 465 189 549 περί
214 468 282 547 βίον
305 466 483 545 θαυμάσιον.
529 464 546 527 δ
569 464 601 528 δὲ
623 465 713 548 μέγας
735 468 899 549 Γρηγόριος
924 466 1001 548 πρὸς
1020 462 1137 549 Ἀριαν-

125 567 176 640 ζδν
203 563 235 626 τὸ
258 566 365 647 χωρίον
383 565 600 638 Καππαδοκίας
627 564 815 646 ἐπανελθών,
843 565 915 647 ὅπερ
944 564 1078 645 ἐκέκτητο
1106 566 1137 627 ἔκ

124 672 270 745 πατρικοῦ
301 662 428 745 κλήρου,
459 660 609 743 ἠρεμήσας
640 662 674 724 ἔν
705 663 784 748 αύτῷ
811 662 862 724 καλ
891 661 1041 744 ἡσυχάσας
1071 663 1137 725 τινά

123 760 233 843 χρόνον
259 759 310 821 καί
337 760 370 823 ἐν
383 823 385 827 ,
398 761 510 845 θεωρίᾳ
538 761 648 839 μείζονι
675 761 832 842 γενόμενος
858 760 910 822 τόν
937 762 1005 841 βίον
1036 766 1137 841 μεταλ-
1165 782 1177 822 ε

125 860 220 921 λάττει
251 859 418 940 πρεσβύτης
446 857 497 920 καί
528 858 643 941 πλήρης
674 856 792 940 ἡμερσπ
823 858 873 921 καί
904 859 1002 938 πάσης
1033 858 1137 941 ἀρετῆς

95 1018 97 1022 .
124 957 263 1035 ἔμπλεως.

189 1052 319 1135 Δευτέρα
342 1055 468 1127 σύνοδος
491 1052 610 1136 γέγονεν
629 1053 661 1115 ἐν
678 1054 990 1116 Κωνσταντινοικιόλει
1008 1064 1067 1116 τῶν
1087 1051 1137 1135 ρν’

125 1151 260 1233 πατέρων
278 1152 333 1214 ἔτει
351 1162 404 1231 τῆς
425 1153 586 1214 Θεοδοσίου
605 1162 657 1213 τοῦ
677 1152 803 1233 μεγάλου
821 1153 969 1231 βασιλείας
986 1150 1070 1234 <γ>,
1091 1152 1139 1215 ἔπλ

126 1250 271 1331 Δαμάσου
294 1250 378 1311 πάπα
396 1245 518 1330 Ῥώμης,
540 1242 578 1329 ἧς
600 1247 730 1330 ἡγοῦντο
751 1250 897 1327 Τιμόθεος
912 1243 1138 1333 Ἀλεξανδρείας,
1154 1274 1180 1312 ιο

127 1347 273 1422 Μελίτιος
293 1343 481 1428 Ἀντιοχείας,
507 1342 882 1429 ΚύριλλοςἹεροσολύμων
904 1346 954 1407 καλ
976 1347 1140 1429 Γρηγόριος

127 1446 144 1510 δ
171 1445 329 1527 Θεολόγος,
356 1444 430 1506 κατὰ
458 1446 654 1509 Μακεδονίου
681 1445 836 1526 γεγονότος
863 1444 1025 1507 ἐπισκόπου
1051 1448 1140 1533 Κων·

128 1544 412 1623 σταντινουπόλεως,
440 1539 473 1617 ὃς
495 1543 536 1605 ἔτι
558 1542 668 1625 περιὼν
691 1541 830 1616 ὡσαύτως
856 1549 896 1628 τῷ
912 1537 1014 1629 ’Λρείφ
1037 1542 1140 1623 ἐβλασ-

128 1642 236 1723 φήμει,
265 1639 373 1721 δμοίως
396 1639 428 1703 δὲ
455 1640 505 1702 καλ
527 1640 559 1702 τὸ
581 1650 699 1720 πνεῦμα
725 1640 758 1702 τὸ
781 1642 867 1723 άγιον
894 1641 935 1721 μὴ
962 1635 1039 1703 εἶναι
1066 1641 1141 1703 θεὸν

128 1738 287 1819 ἀληθινόν,
310 1737 383 1800 άλλδι
402 1740 508 1818 κτίσμα
529 1738 580 1800 καλ
598 1739 671 1802 αὐτὸ
689 1738 903 1819 ὑπελάμβανεν.
944 1740 1020 1820 αότη
1039 1746 1140 1801 συνελ-
1155 1762 1180 1802 τι

128 1845 228 1901 θούσα
260 1842 422 1918 χειροτονεῖ
447 1835 500 1916 μὲν
526 1836 868 1911 Κωνσταντινουπόλεως
899 1838 1060 1900 ἐπίσκοπον
1089 1838 1141 1899 τδν

128 1935 324 2015 συγκλητικόν
347 1935 528 2016 Νεκτάριον,
556 1935 751 1997 Μακεδόνων
778 1934 810 1997 δὲ
836 1934 1057 2016 άναθεματίζει,
1084 1936 1142 1997 σύν

127 2034 208 2119 αύτῷ
227 2032 278 2094 καλ
296 2032 459 2113 Σαβέλλιον
477 2032 529 2093 τὸν
547 2034 660 2114 Λίβυν,
677 2035 716 2094 ἓν
733 2034 893 2113 πρόσωπον
916 2031 964 2095 ἔπλ
986 2042 1039 2112 τῆς
1057 2032 1142 2114 άγίυς

128 2132 247 2213 τριάδος
275 2132 447 2210 δοξάζοντα,
480 2130 520 2193 ἔτι
548 2129 580 2191 δὲ
608 2130 658 2191 καλ
682 2127 888 2211 Ἀπολινάριον
914 2130 967 2191 τὸν
991 2130 1142 2192 Λαοδικέα

128 2229 250 2311 λέγοντα
277 2228 329 2290 τὸν
356 2228 629 2311 ἔνανθρωπήσαντα
659 2228 747 2309 λόγον
774 2226 869 2290 άνουν
895 2223 986 2308 εἶναι,
1017 2227 1083 2289 ἀντλ
1111 2227 1143 2290 δὲ
1157 2251 1183 2290 κο

130 2335 186 2388 νού
209 2325 371 2407 τὸνλόγον
397 2326 430 2388 ἐν
457 2336 493 2410 τῇ
516 2335 600 2411 ψυχῇ
628 2332 814 2408 γεγενῆσθαι.
861 2325 893 2387 τὸ
917 2324 948 2387 δὲ
970 2336 1087 2405 πνεῦμα
1109 2326 1142 2386 τὸ

129 2424 218 2504 άγιον
241 2423 313 2485 θεὸν
337 2418 412 2485 εἶναι
436 2424 581 2497 ζωοποιδν
607 2422 658 2485 καλ
680 2422 841 2503 δμοούσιον
862 2430 901 2508 τῷ
921 2423 1009 2506 πατρλ
1035 2423 1085 2485 καλ
1107 2430 1146 2508 τῷ

130 2522 187 2606 υἱῷ
215 2520 335 2601 ἐκήρυξε
366 2528 594 2605 προστεθεικυῖα
625 2522 667 2595 εἰς
698 2522 730 2585 τὸ
760 2519 879 2583 ἔκτεθέν
909 2521 990 2603 παρὰ
1021 2532 1080 2583 τῶν
1112 2521 1144 2584 ἐν
1158 2544 1197 2585 εει
1210 2543 1242 2582 τε.

203 2736 218 2782 2
237 2730 302 2798 περὶ
338 2726 422 2783 ίουΟ
445 2728 509 2797 περί
530 2728 580 2782 τὸν
599 2724 661 2799 βίον
680 2727 761 2782 LRV.
780 2760 816 2768 -
838 2726 1004 2799 θαυμαστόν
1022 2729 1081 2783 RV.
1108 2761 1141 2769 -

131 2800 266 2866 άριαυζδν
335 2800 385 2853 ΕΙ,
404 2800 544 2867 άριανζὼν
558 2816 628 2853 roeo.
644 2800 761 2867 quidam
779 2801 919 2868 άριανζῶν
932 2816 1002 2854 rece.
1018 2800 1069 2853 alii
1083 2799 1142 2854 etc

131 2889 166 2925 m.
186 2877 202 2925 1
220 2888 288 2927 corr.
307 2888 341 2925 ιω
359 2872 481 2941 άριαζῶν
509 2870 671 2939 άριανζῶΡ
697 2870 842 2938 άριανιζὸν
860 2872 890 2923 Μ
913 2870 1029 2939 άριαζδυ
1052 2871 1074 2923 Ρ
1092 2891 1142 2925 να-

131 2943 241 3007 ζιανζδν
264 2942 289 2996 V
317 2942 481 3007 νανζιανζδν
504 2942 528 2995 Β
553 2943 594 3014 (ἔν
620 2942 763 3010 άριανζοῑς
788 2940 893 3013 Gregor
919 2942 1011 3011 presb.
1031 2942 1061 2994 in
1084 2941 1144 2996 vita

132 3013 260 3083 Gregorii
286 3015 343 3068 καί).
369 3014 436 3083 βπ).
460 3046 496 3054 -
524 3019 538 3065 7
563 3013 685 3082 ἔμπλεως
708 3016 763 3083 (υς
782 3012 818 3083 Α)
840 3013 889 3067 AB
917 3012 1038 3083 ἔμπλεως
1064 3032 1142 3082 γεγο-

132 3084 226 3148 νόιςΙλ
249 3085 370 3153 ἔμπλεως
388 3089 443 3156 (-ος
457 3083 567 3154 OFLM)
581 3083 729 3155 γενόμενος
746 3084 806 3139 roll.
826 3083 1040 3156 (κεκοσμημένος
1053 3084 1093 3154 Ρ),
1108 3115 1142 3124 -

132 3174 205 3228 Ante
221 3192 244 3229 υ.
260 3179 276 3228 8
290 3173 365 3227 ABE*
384 3174 415 3228 ι“κ
434 3180 517 3241 όεωόκ,
535 3172 613 3235 ELN
631 3175 664 3227 ιιι
677 3191 728 3243 πμ.
743 3174 866 3229 αύάιικλε
884 3161 1056 3235 Σόνοδοςλῖ.
1086 3173 1143 3227 ἀπὸ

131 3253 201 3314 γοῦν
214 3252 263 3314 τῆς
277 3243 307 3297 α’
318 3243 440 3299 συνόδου
455 3244 505 3307 ἕως
517 3251 567 3313 της
581 3243 609 3315 β’
625 3242 753 3315 γίνονται
767 3244 812 3313 ἔτη
827 3243 882 3315 νβ’.
899 3276 933 3284 -
952 3250 968 3298 8
987 3241 1103 3311 δευτέρα
1120 3244 1144 3296 Α

133 3316 150 3383 ἡ
169 3314 201 3369 δὲ
220 3314 335 3383 δευτέρα
353 3315 413 3369 rell.
431 3347 465 3356 —-
489 3314 534 3384 ρν’
549 3314 678 3384 πατίρων
697 3314 745 3368 AB
768 3313 814 3382 ον’
830 3313 919 3384 ἁγίων
937 3314 1065 3382 κατίρων
1083 3314 1143 3368 εο11.

132 3418 168 3426 -
187 3390 202 3437 9
223 3386 262 3441 ἔτι
280 3385 327 3440 Ac
351 3386 397 3441 ἐπὶ
414 3386 497 3441 BFR.
523 3417 555 3427 —-
580 3395 629 3457 τῆς
651 3388 731 3441 θεοδ.
751 3405 774 3439 τ.
794 3406 820 3455 μ.
841 3386 973 3457 βασιλέως
991 3385 1011 3440 O
1035 3390 1065 3440 θ.
1079 3405 1102 3439 τ.
1118 3406 1144 3454 μ.

133 3457 267 3529 βασιλέως
281 3462 341 3528 (ουτ.
355 3462 414 3528 τῆς)
429 3458 460 3513 R.
477 3490 511 3499 -
530 3456 560 3526 γ’
577 3458 676 3513 addidi
689 3474 703 3512 ο
716 3460 785 3513 ami.
802 3488 835 3496 —-
855 3464 887 3511 16
907 3455 1060 3511 ἐπίσκοπον
1074 3476 1145 3511 κων-

133 3528 389 3654 ἒτὸιχτργρπόλεως
411 3529 433 3582 L
462 3526 615 3584 ἐπίσκοπον
642 3547 692 3585 om.
713 3528 747 3583 N.
775 3559 807 3568 —
836 3533 870 3581 20
894 3525 1146 3595 ἔνανθρωπίσαντα

189 3696 333 3749 Georgius
347 3694 505 3740 Monachus
520 3698 555 3737 od.
572 3698 600 3739 δε
613 3699 680 3740 Boot.
703 3699 734 3740 IL
952 3693 986 3740 37
