2617 3909
172 228 241 295 620
484 228 672 281 τααοττου
688 229 871 281 nomo?

171 384 278 441 λοιποῦ
300 386 425 458 στρατοῦ
447 376 481 439 ἐν
502 382 542 461 τῷ
556 371 700 457 Ῥεύματι,
724 377 899 450 Βιτολιανός
920 376 1015 457 ἔφυγε
1035 373 1107 454 μετά
1128 388 1197 439 τῶν

171 473 417 553 ὑπολειφθέντων
440 470 556 555 όλίγτον.
599 473 652 535 καλ
672 484 734 556 πῦρ
756 473 790 536 ἐν
810 480 852 559 τῷ
870 473 990 559 ούρονῷ
1007 472 1117 554 ἐφάνη.

238 572 301 633 Καὶ
322 571 424 655 γέγονε
447 573 592 653 δημοτικὴ
614 572 811 645 ἐπανάστασις
831 570 900 652 περλ
916 579 971 632 τοῦ
988 582 1194 654 χριστιανικοῦ

172 670 318 754 δόγματος
339 668 372 731 ἐν
394 668 709 732 Κωνσταντινοτατάλιι
734 667 776 742 ὡς
797 666 1000 750 βουληθέντος
1025 678 1080 731 τοῦ
1102 671 1192 750 βασι-

145 767 244 842 ιλέυς
261 772 439 849 προσθεῖναι
456 768 500 840 είς
516 766 550 829 τό
567 767 719 850 τρισάγιον
739 767 786 828 τύ·
809 766 827 829 ό
844 764 1028 848 σταυροθελς
1047 762 1088 827 δι’
1109 764 1193 848 ἡμᾶς

171 864 293 944 ἐλέησον
315 861 402 944 ἡμᾶς.
447 873 501 926 τοῦ
523 863 580 947 γάρ
602 862 766 947 λογοθέτου
792 862 844 926 καλ
864 873 919 927 τοῦ
940 862 1076 947 ὑπάρχου
1103 863 1192 927 ἀνελ-

172 960 292 1027 θόντων
314 960 348 1024 ἐν
369 968 406 1047 τᾷ
423 960 541 1042 άμβυνι
562 972 616 1042 τῆς
638 962 767 1044 μεγάλης
788 961 943 1041 ἐκκλησίας
965 960 1016 1023 καλ
1034 960 1091 1041 τῆν
1108 962 1192 1044 αἴρε-

172 1078 221 1123 σιν
243 1057 418 1139 ἀρξαμένων
440 1058 472 1121 ἐκ
494 1061 648 1139 βασιλικῆς
675 1057 836 1141 ἐπιτροπῆς
859 1059 1029 1142 κηρύττειν,
1056 1058 1193 1139 ἐπῆλθεν

173 1157 190 1220 ὁ
213 1158 307 1238 δῆμος
334 1156 385 1218 καί
406 1166 468 1219 πᾶν
494 1158 527 1221 τὸ
549 1161 670 1237 πλῆθος
690 1166 745 1237 τῆς
765 1156 878 1230 πόλεως
903 1151 968 1218 κατ’
996 1157 1109 1238 αὐτῶν,
1136 1155 1189 1218 καλ

133 1274 160 1317 ιο
174 1254 257 1337 μόλις
279 1253 433 1337 ἐξέφυγον.
469 1254 520 1316 καί
536 1254 637 1337 γέγονε
655 1254 778 1334 τοιαύτη
796 1255 897 1329 στάσις
917 1254 969 1316 καλ
985 1254 1097 1336 ταραχὴ
1115 1278 1190 1337 κρα·

173 1354 294 1427 ζόιπιον·
327 1350 417 1415 άλλον
448 1351 570 1434 βασιλέα
595 1352 738 1433 θέλομεν,
766 1350 808 1427 ὡς
833 1351 885 1414 καί
910 1352 964 1416 τόν
990 1351 1111 1433 βασιλέα
1135 1351 1191 1413 καὶ

171 1449 242 1525 τούς
266 1448 409 1531 άργοντας
436 1449 559 1532 φεύγειν
584 1448 635 1511 καλ
662 1448 907 1531 ἀποκρύπτεσθαι
932 1450 988 1530 την
1011 1447 1107 1532 όρμῆν
1132 1459 1189 1511 τοῦ

172 1552 254 1610 λαοῦ,
296 1546 566 1627 συναθροισθέντες
588 1539 644 1608 ούν
663 1548 695 1608 οί
710 1546 879 1610 στασιασταί
900 1546 951 1609 καλ
972 1548 1015 1621 τίς
1033 1548 1085 1609 τὸν
1102 1541 1191 1609 οίκον

172 1653 225 1706 τοῦ
248 1642 409 1725 λογοθέτου
436 1643 487 1705 καί
512 1651 566 1705 τοῦ
588 1642 724 1725 όπάργου
750 1645 986 1728 καταδραμόντες
1013 1642 1064 1706 καλ
1090 1646 1188 1705 πάντα

133 1741 387 1823 καθαρπάσαντες
418 1740 593 1822 ἐνεπύρισαν
623 1742 694 1815 τούς
719 1764 750 1804 τε
776 1743 879 1816 οἴκους
909 1742 1008 1804 αύτῶν
1040 1740 1091 1803 καλ
1117 1741 1189 1816 τοὺς

172 1836 347 1920 εὑρεθέντας
368 1838 460 1901 ἐκεῖσε
482 1836 675 1916 κατέσφαξαν.
720 1832 783 1901 εἶτα
804 1838 966 1921 γενομένης
987 1848 1114 1920 ταραχῆς
1135 1861 1188 1918 με·

171 1936 264 2018 γάλης
289 1934 340 1997 καλ
367 1935 494 2010 στάσεως
520 1934 714 2017 ἐμπρησμοὺς
740 1937 832 1999 οἴκοιν
860 1942 978 1999 πολλῶν
1008 1935 1188 2017 ἐποιήσαντο

171 2033 223 2096 καί
249 2032 364 2113 φόνους
391 2034 516 2116 μυρίους
542 2034 715 2115 εἰργάσαντο
746 2033 796 2095 καλ
822 2032 896 2097 άλλα
921 2043 1043 2095 τοιαῦτα
1071 2034 1190 2116 φοβερά
1301 2044 1304 2051 ’

171 2152 201 2195 τε
232 2130 282 2193 καλ
309 2131 421 2204 ἐξαίσια
452 2130 670 2210 κατετόλμησαν
700 2130 869 2213 ὑβρίζοντες
892 2126 1084 2193 Ἀναστάσιον
1115 2131 1188 2211 μετὰ

132 2246 159 2287 ιο
172 2238 304 2311 κραυγῆς
326 2230 461 2310 μεγίστης
483 2225 534 2289 καλ
556 2229 733 2291 Βιταλιανὸν
759 2228 972 2309 εὐφημοῦντες
1018 2227 1069 2289 καλ
1091 2228 1188 2300 ούτεος

171 2325 309 2399 ἐλθόντες
335 2328 461 2406 πλησίου
488 2335 541 2406 τῆς
567 2321 620 2386 ύπ’
645 2325 739 2388 αὐτοῦ
767 2335 822 2388 τού
848 2325 990 2405 βασιλέως
1016 2326 1187 2403 κτισθείσης

172 2420 324 2503 κιστέρνης
346 2431 399 2483 τοῦ
422 2420 509 2504 ἁγίου
532 2424 665 2484 Μουκίου
692 2416 780 2505 εόρου
803 2421 855 2484 τὸν
881 2422 941 2485 ὑπὸ
969 2431 1022 2483 τοῦ
1044 2421 1190 2501 βασιλέως

244 2615 260 2662 2
283 2607 369 2662 Mai?
394 2640 429 2649 —
457 2614 553 2663 3-16
577 2608 643 2665 Mal.
659 2628 688 2679 μ.
704 2615 770 2677 406,
789 2617 823 2664 22
851 2611 895 2679 (cf.
920 2608 985 2663 Rxo.
1010 2609 1046 2663 de
1072 2608 1187 2663 insidiis

173 2678 377 2733 aMommseno
391 2678 422 2732 in
431 2679 552 2734 Hermae
565 2679 618 2735 vol.
629 2679 668 2735 VI
678 2697 708 2749 μ.
717 2687 768 2736 876
783 2681 879 2750 edita).
891 2712 924 2721 -
941 2684 1046 2734 16-20
1060 2680 1186 2749 Theoph.

170 2767 197 2821 p.
215 2753 331 2816 159,14.
352 2780 385 2791 —-
405 2755 509 2820 20-p.
526 2756 587 2819 621,
602 2755 618 2804 8
637 2750 704 2807 Mal.
724 2753 741 2806 l.
757 2754 773 2806 λ.

243 2924 260 2974 θ
278 2927 440 2993 γριστιανού
458 2918 485 2975 V
511 2928 678 2991 χριστιαυῶν
700 2920 733 2975 Β.
758 2951 792 2960 -
816 2927 833 2976 4
851 2920 889 2983 ὡς
910 2937 961 2975 σοι,
980 2919 1036 2975 ΑΒ.
1059 2951 1095 2959 -
1119 2925 1135 2974 5
1153 2918 1187 2973 τό

171 2997 235 3047 ουλε
253 2990 268 3046 ό
289 3008 340 3046 om.
359 2990 415 3045 AB.
440 3023 473 3032 —
498 2996 513 3045 λ
532 2997 583 3059 τῆς
604 2991 724 3062 μεγάλης
746 2987 892 3061 ἐκκλησίας
909 2990 1038 3044 ABDFP
1047 2988 1113 3044 Ετο.
1135 2996 1188 3058 τῆς

171 3059 316 3133 ἐκκλησίας
337 3068 388 3130 τῆς
409 3060 529 3134 μεγάλης
551 3060 716 3117 OEGLRV.
740 3093 775 3103 -
803 3066 820 3117 8
844 3062 874 3117 ἐκ
897 3063 1041 3134 βασιλικῆς
1061 3060 1185 3128 προστά-

171 3132 277 3197 ξοωςΡ
301 3132 332 3187 ἐκ
350 3134 509 3205 βασιλεικοῦ
526 3132 739 3203 προστάγματος
752 3132 784 3186 Δ.
800 3164 835 3173 -
854 3138 889 3187 12
905 3132 958 3202 τὴν
977 3131 1066 3201 ὁρμὴν
1084 3132 1188 3187 desinit

171 3204 228 3258 cod.
243 3202 265 3255 P
282 3201 334 3271 τὴν
354 3201 440 3273 ὀργὴν
453 3202 593 3260 E10.Mal.
614 3234 647 3245 -—
669 3208 701 3257 13
721 3199 785 3275 ούν]
799 3202 866 3259 &ic
885 3209 993 3278 τίτθαι.
1008 3201 1125 3271 quidam
1153 3201 1187 3257 δέ

171 3273 220 3327 καλ
233 3270 259 3327 V
272 3278 298 3327 et
314 3288 385 3327 rece.
401 3274 458 3329 alii.
479 3307 512 3315 -
533 3280 567 3328 14
584 3283 635 3329 τοῦ
653 3273 782 3345 ύπάρχου
799 3277 917 3330 καὶτοῦ
934 3271 1088 3344 λογοθέτου
1101 3272 1185 3326 ADL.

171 3373 206 3383 -
226 3347 260 3397 16
273 3360 303 3397 τε
317 3342 393 3396 ΑΒΡ
406 3360 456 3399 om.
470 3344 531 3400 rell.
546 3350 572 3399 et
584 3344 650 3398 Exc.
665 3376 701 3385 -
720 3349 754 3399 20
767 3348 887 3416 μεγάλης
900 3343 958 3400 GR.
974 3375 1007 3386 -—
1027 3349 1062 3397 22
1079 3342 1186 3411 κιστέρ·

171 3432 223 3485 υης
240 3410 322 3467 EGP
344 3414 505 3485 κινστέρνης
521 3413 654 3469 BDLRV
663 3414 729 3469 Exc.
753 3414 896 3488 γιστέρνης
913 3417 999 3490 (γηστ,
1017 3413 1048 3485 C)
1066 3412 1120 3469 Ac.
1155 3424 1159 3431 '

244 3584 278 3633 18
297 3579 346 3634 καλ
364 3577 472 3649 φόνους
493 3578 610 3651 μυρίους
626 3581 791 3652 εἰργάσαντο
812 3600 861 3639 om.
881 3582 911 3636 P.
935 3614 970 3623 -
993 3587 1027 3636 λλ
1045 3577 1134 3651 ηύρον
1152 3582 1186 3642 Ρ,
