2617 3909
184 233 253 298 664
494 233 681 286 ΓΕΩΡΓΙΟΤ
699 233 883 285 MONAXOT

184 380 348 463 ἅνθρωπος
370 374 440 462 μεθ’
461 378 573 463 ἡμέρας
595 380 667 443 δέκα
690 381 814 461 μηνύων
837 381 892 461 τήν
911 383 1088 464 Μαυρικίου
1108 387 1221 444 τελευ-

184 481 248 560 τήν.
294 477 310 540 δ
333 479 367 542 δέ
389 503 421 562 γε
443 478 577 560 ἀλάστωρ
602 483 712 554 Φωκῦις
735 475 795 558 μετ’
817 477 917 561 ὀλίγον
939 479 1047 562 χρόνον
1070 479 1123 541 καλ
1151 482 1220 560 τήν

183 583 313 660 γυναῖκα
335 580 514 659 Μαυριιιίου
539 578 601 658 ἅμα
627 583 693 651 ταῖς
719 577 795 660 τρισλ
822 579 1006 660 θυγατράσιν
1033 578 1129 659 αὐτῆς
1153 577 1219 640 σἰν-
1289 615 1290 680 η

184 682 261 739 εἶλεν
287 676 319 740 έν
346 681 386 761 τῷ
409 678 490 763 μύλην
517 686 576 738 τῶν
603 675 791 757 Εύτροπίου,
824 676 860 737 ού
893 675 954 756 μήν
984 673 1016 737 δέ
1048 675 1125 737 ἀλλὰ
1157 676 1218 737 κοιλ
1289 687 1290 692 ’

157 785 284 843 ιπῦσαν
306 775 362 854 τήν
383 773 557 856 συγγένειαν
575 775 753 856 Μαυρικίου
776 774 913 836 διώλεσεν
936 771 952 834 δ
970 774 1147 853 παράνομος
1165 775 1216 848 είς

184 874 307 935 πλείονα
333 883 393 934 τῶν
420 883 595 954 χριστιανῶν
618 870 753 952 ὄλεθρον.
798 871 914 953 οὐγὰρ
937 870 1061 933 διέλειπε
1083 881 1121 956 τῇ
1146 882 1215 934 τῶν

179 965 332 1048 Ῥωμαίων
351 971 448 1032 ἔκτοτε
468 971 600 1054 βασιλείηι
623 969 831 1049 δυστυχήματα
849 970 968 1030 ποικίλα
989 991 1019 1030 τε
1041 968 1090 1030 καλ
1113 962 1213 1031 έπύλ-
1290 953 1291 986 λ

82 1097 124 1138 ως
139 1095 170 1136 ι,
184 1071 267 1146 ληλα.
312 1067 330 1129 ὅ
356 1091 385 1130 τε
412 1066 468 1149 γὰρ
491 1066 629 1146 Χοσρόης
651 1063 668 1126 δ
693 1075 753 1127 τῶν
776 1069 902 1146 Περσῶν
924 1066 1061 1146 βασιλεὺς
1082 1067 1142 1146 τήν
1165 1068 1212 1127 εἰ·

185 1165 282 1247 ρήνην
314 1164 461 1245 διέλυσεν,
492 1163 543 1226 καί
568 1160 692 1244 ’Ἀβαροι
723 1163 778 1242 τήν
814 1161 936 1248 Θρᾴκην
967 1161 1120 1249 έδήωσαν,
1155 1164 1212 1224 κοιλ

145 1291 171 1332 10
185 1262 276 1344 ύμφω
298 1262 335 1324 τδι
362 1263 542 1345 στρατόπεδα
568 1271 628 1324 τῶν
646 1254 797 1340 Ῥωμαίων
820 1260 998 1342 διέφθειραν
1020 1260 1070 1322 καλ
1093 1261 1211 1341 έξήλει·

184 1376 251 1439 ψαν
273 1360 324 1422 διὰ
346 1362 378 1425 τδ
400 1361 454 1423 τδν
475 1359 599 1422 ιἰνόσιον
620 1357 672 1420 καλ
694 1358 822 1440 βέβηλον
841 1367 1019 1440 προτιμήσαι
1041 1369 1095 1420 τοῦ
1116 1360 1210 1422 ἐννό-

184 1483 244 1538 μου
270 1458 321 1520 καλ
347 1459 490 1539 εὐσεβοῦς
517 1457 666 1538 βασιλέως.
712 1457 788 1539 πρὸς
812 1457 845 1518 δὲ
872 1457 987 1530 τούτοις
1014 1455 1065 1518 ιιαλ
1092 1463 1209 1537 θνήσις
1292 1503 1293 1506 ¹

184 1555 357 1639 ἀνθρώπων
379 1579 409 1618 τε
431 1555 482 1617 καλ
504 1566 622 1634 κτηνῶν
644 1555 696 1616 καλ
713 1554 827 1636 ἀφορία
844 1563 897 1633 τῆς
914 1563 970 1634 γῆς
988 1553 1082 1632 πολλή
1100 1555 1208 1638 γέγονε

184 1652 234 1714 ιιαλ
265 1653 374 1734 χειμὼν
404 1654 582 1734 βαρύτατος,
613 1653 687 1714 ὥστε
717 1662 849 1734 παγῆναι
879 1651 935 1730 τήν
967 1652 1123 1714 θάλασσαν
1155 1655 1207 1716 καλ
1293 1634 1294 1728 λ

143 1778 171 1819 15
184 1751 312 1824 πολλοὺς
335 1751 443 1831 ἰχθύας
464 1752 616 1812 τεθνάναι.

247 1845 282 1911 ‘0
304 1841 360 1910 οὖν
383 1849 482 1922 δόλιος
507 1851 616 1922 Φωιιῦς
638 1848 710 1928 μετὰ
731 1849 852 1909 πάντων
875 1846 968 1908 αὐτοῦ
995 1857 1054 1909 τῶν
1076 1847 1206 1931 ἀμετρή-

184 1971 244 2011 των
270 1956 371 2008 κακῶν
396 1946 566 2028 προσέθηκε
593 1952 758 2008 τελευταῖον
785 1944 835 2006 καλ
862 1953 961 2006 τοῦτο·
991 1946 1119 2026 ποιήσας
1145 1949 1203 2032 γὰρ
1294 1939 1295 1960 ³

184 2046 308 2110 ίππιιιδν
339 2044 511 2125 ήτοίκτησεν.
560 2054 620 2106 τῶν
651 2042 685 2106 δέ
716 2043 822 2123 δήμων
853 2052 939 2105 τοῦτο
969 2043 1010 2123 μή
1043 2047 1204 2120 καταδεξα·
1294 2023 1295 2090 λ

185 2143 293 2225 μένων,
316 2145 443 2225 ύβρισαν
461 2143 553 2205 αύτδν
571 2141 715 2223 λέγοντες·
738 2142 828 2202 πάλιν
845 2141 888 2214 είς
906 2142 958 2204 τὸν
981 2151 1094 2203 καῦκον
1113 2143 1203 2225 ἔπιες,

143 2267 171 2307 ιο
184 2242 274 2303 πάλιν
295 2242 348 2303 τὸν
369 2251 445 2304 νοῦν
466 2240 628 2314 ἀπώλεσας.
670 2233 719 2318 ἐφ’
740 2233 786 2313 ολς
808 2238 911 2318 μανεὶς
929 2237 945 2300 δ
964 2240 1113 2320 θεομάχος
1131 2248 1203 2304 πολ-

255 2393 325 2439 2-4
339 2387 375 2453 cf.
390 2385 515 2455 Theoph.
527 2402 556 2455 μ.
573 2389 633 2451 296,
646 2389 670 2437 7.
687 2415 720 2424 -
734 2388 805 2437 4-6
820 2383 855 2450 ef.
870 2382 995 2452 Theoph.
1007 2401 1036 2454 p.
1053 2389 1114 2450 296,
1126 2389 1150 2438 3.
1167 2417 1202 2426 -

184 2461 271 2510 6-12
290 2457 325 2523 cf.
345 2457 470 2526 Theoph.
485 2460 649 2525 μ.290,12.
671 2487 704 2496 -
728 2460 831 2509 12-16
850 2457 884 2522 ef.
904 2454 1027 2523 Theoph.
1045 2472 1073 2524 p.
1090 2461 1155 2525 296,
1172 2463 1202 2524 53

184 2532 245 2593 297,
261 2533 302 2580 11.
322 2559 357 2566 —
377 2532 481 2596 lss-p.
497 2533 557 2594 666,
573 2533 589 2582 6
608 2527 643 2594 cf.
658 2526 783 2596 Theoph.
797 2543 824 2594 p.
841 2531 902 2595 296,
918 2532 959 2580 26.

254 2666 271 2712 4
289 2660 370 2732 μύλῳ
388 2659 451 2713 BN.
467 2692 500 2701 -
519 2659 587 2732 τῶν]
605 2669 643 2715 τῦ
661 2659 684 2712 Β
708 2659 758 2714 τδν
771 2659 804 2712 Α,
820 2691 853 2700 -·
873 2663 888 2713 6
908 2657 1015 2713 διέλιπε
1033 2657 1148 2714 BELV.
1167 2693 1201 2702 —
1294 2731 1295 2740 ρ

183 2773 235 2822 67
254 2765 305 2835 τὴν
316 2763 504 2891 -βασιλείαν
518 2767 549 2820 Μ
563 2763 788 2890 τή-Ιβασιλείαν
803 2764 827 2819 G
842 2765 933 2834 τήν-
957 2733 1012 2819 αιίλ.
1028 2766 1059 2819 Β.
1070 2797 1104 2807 --
1121 2773 1135 2820 7
1153 2767 1201 2822 έπ-

183 2839 286 2908 οίλληλα
300 2838 350 2892 ΒΡ
392 2838 582 2908 ἀλλεπάλληλα
595 2853 625 2892 re
650 2881 655 2891 .
671 2869 706 2878 -
721 2842 736 2890 9
752 2835 878 2904 έδήωσαν
893 2835 916 2888 Β
949 2836 975 2889 R
985 2833 1050 2891 Exc.
1066 2835 1102 2891 de
1116 2837 1200 2894 insid.

183 2908 303 2966 έδίωσαν
311 2910 414 2964 ALNP
429 2907 547 2975 ἐδίωξαν
561 2908 640 2963 OGV
649 2915 675 2964 et
688 2926 721 2962 m.
732 2911 751 2962 2
764 2908 797 2961 A.
813 2939 847 2946 -
864 2913 897 2960 10
911 2908 1101 2977 στρατεύματα
1115 2907 1200 2964 GRV.

183 3015 218 3023 —
234 2989 265 3036 11
282 2989 452 3050 προτιμήσαι
465 2982 514 3035 καλ
528 2980 646 3053 βέβηλον
661 2979 694 3033 N.
707 3011 740 3020 —
757 2983 789 3032 16
804 2976 898 3040 δόλιος
911 2978 994 3032 om.B
1010 2980 1054 3049 (cf.
1065 2979 1145 3046 infra
1158 2980 1200 3050 P).

184 3085 216 3093 -
238 3059 270 3106 17
289 3053 456 3122 προσέθεικε
474 3053 499 3105 Ι)
517 3051 700 3119 προστέθειτο
714 3050 747 3105 V.
763 3081 796 3090 —
817 3055 850 3104 18
870 3049 1016 3118 ήτοίιιτισεν
1035 3049 1086 3120 (ήτ.
1102 3049 1134 3119 C)
1150 3050 1201 3106 OG

182 3125 248 3178 Exo.
269 3155 303 3165 -
322 3130 357 3178 20
376 3124 391 3178 ὁ
409 3123 553 3194 θεομάχος
571 3123 669 3191 μανεὶς
687 3123 708 3174 L
732 3121 746 3176 ὁ
765 3119 910 3192 θεομάχος
927 3137 978 3174 om.
993 3120 1016 3173 B
1035 3121 1080 3190 (cf.
1095 3122 1137 3191 P).

255 3263 271 3309 2
290 3257 429 3327 ἀλάστωρ]
453 3255 604 3328 αλμοβόρος
626 3254 656 3310 P.
681 3286 714 3297 -
739 3259 755 3308 6
774 3255 884 3310 ἀνεῖλεν
907 3253 1038 3315 ὡσαύτως
1062 3254 1094 3309 έν
1113 3254 1143 3308 Ρ.
1166 3288 1200 3298 -

183 3332 288 3380 10-12
303 3327 474 3394 διέφθειραν
488 3328 529 3388 είς
541 3326 678 3395 έξύληψιν
692 3326 729 3388 ὡς
740 3326 790 3380 τὸν
799 3324 917 3380 ἀνόσιον
930 3325 980 3378 καλ
993 3325 1135 3392 τύραννον
1148 3335 1197 3382 τοῦ

160 3430 163 3437 ·
182 3397 316 3466 εὐσεβοῦς
332 3397 569 3466 προτιμησόμενοι
586 3399 614 3465 (λ.
630 3400 724 3465 μονα)
739 3395 760 3448 Ρ
775 3397 819 3465 (cs.
834 3395 959 3465 Theoph.
974 3413 1000 3464 p.
1016 3401 1077 3464 290,
1093 3399 1146 3464 19).
1163 3429 1198 3438 -

183 3472 289 3520 16--19
309 3465 324 3519 ὁ
343 3463 395 3520 ούν
414 3476 512 3532 φωνᾶς
529 3466 649 3533 ποιήσας
668 3464 797 3532 ἱππικόν,
822 3465 940 3554 ύβρισαν
959 3465 1046 3520 αὐτὸν
1068 3465 1096 3520 ολ
1115 3470 1198 3536 δῆμοι

183 3535 309 3606 λέγοντες
331 3537 397 3604 (τελλ.
418 3540 479 3603 om.)
501 3537 532 3590 P.
547 3537 673 3606 Theoph.
702 3565 735 3576 -
764 3541 798 3589 20
822 3536 857 3604 ἐφ
892 3532 936 3597 οἶς
958 3537 1056 3604 μανεὶς
1077 3537 1128 3591 ιιαλ
1149 3539 1198 3593 τὸν

182 3607 306 3676 ἔπαρχον
325 3603 479 3673 ἐπιτρέψας
496 3609 614 3669 πολλοὺς
632 3606 788 3676 ΡΤλιοορλι.
