2617 3909
175 210 241 277 606
487 213 675 267 Γειυετιου
691 215 875 267 mmor

173 361 247 425 κατὰ
270 360 366 443 σχέσιν
389 360 422 424 δέ
444 360 595 425 έναθέντα
617 368 658 445 τῷ
676 367 738 445 θεῷ
758 360 849 448 λόγμ,
875 360 927 423 καλ
949 360 1117 441 ὁμωνύμως
1139 358 1192 421 καὶ

174 460 266 523 αὐτὸν
283 460 352 524 υίδν
370 459 536 541 λεγόμενον.
576 468 682 522 τοῦτον
701 457 927 540 προσκληθέντα
945 457 1027 541 παρὰ
1044 468 1098 539 τῆς
1117 476 1191 519 συν-

174 559 248 621 όδου
276 558 327 621 καλ
356 559 397 639 μή
429 557 638 637 ἀπαντήσαντα
669 556 913 637 έκκλησιαστικῦς
945 563 1117 619 καθελοῦσα
1149 554 1191 630 δις

174 658 214 737 μή
233 657 402 736 θελήσαντα
423 661 485 729 τοῖς
506 653 612 737 ὀρθοῖς
630 656 756 737 δόγμασι
774 654 943 718 συνθέσθαι
964 655 1190 735 άνεθεμάτισεν,

148 756 245 834 εμίαν
263 752 295 817 δέ
313 762 367 817 τοῦ
384 758 515 835 Χριστοῦ
537 752 587 815 καί
605 760 681 815 θεοῦ
703 750 789 832 ήμῶν
807 749 880 815 καθ’
896 752 1004 817 ένωσιν
1021 752 1190 815 ὑπόστασιν

173 850 223 913 καὶ
246 852 301 913 δύο
325 852 430 930 φύσεις
452 862 556 930 σαφῶς
580 850 784 932 ἐδογμάτισεν,
810 852 863 914 τδν
889 850 982 915 αύτδν
1008 845 1087 913 εἶναι
1113 851 1191 913 θεὸν

173 948 223 1010 καὶ
245 946 424 1029 ἄνθρωπον,
446 948 497 1011 καί
518 949 574 1028 τήν
596 947 685 1030 άγίαν
707 951 836 1032 Μαρίαν
857 951 968 1031 κυρίας
988 949 1040 1012 καί
1061 948 1188 1029 ἀληθῶς

173 1048 326 1110 θεοτόκον.
368 1041 510 1127 Ἰωάννης
537 1046 570 1109 δὲ
597 1044 614 1108 δ
637 1041 815 1129 Ἀντιοχείας
840 1047 1000 1122 ἐπίσκοπος
1032 1047 1105 1127 μετὰ
1134 1047 1193 1127 τήν

174 1147 339 1227 Νεστορίον
361 1147 536 1227 καθαίρεσιν
553 1146 781 1227 καταλαμβάνει,
802 1145 854 1207 καὶ
871 1144 1018 1226 λυπηθείς
1036 1146 1081 1207 ότι
1098 1145 1190 1227 χωρὶς

135 1264 161 1304 ιο
174 1241 267 1305 αὐτοῦ
298 1242 459 1327 καθῃρέθη
487 1245 650 1326 Νεστόριος
679 1243 859 1326 παραλαβὼν
890 1244 960 1317 τοὺς
989 1244 1193 1318 συνελθόντας

174 1340 253 1425 αὐτῷ
276 1341 470 1421 ἐπισκόπους,
501 1341 534 1404 ἐν
560 1336 607 1415 οίς
634 1333 673 1421 ήν
703 1340 753 1403 καλ
785 1343 977 1425 Θεοδώρητος
1002 1343 1108 1424 Κύρου
1140 1342 1192 1403 καὶ

174 1438 249 1519 Ίβας
273 1433 427 1521 Ἐδέσσης,
454 1442 629 1522 καθαίρεσιν
656 1439 833 1522 ὑπαγορεύει
862 1448 915 1502 τοῦ
942 1439 975 1501 ἐν
1005 1438 1101 1521 διγίοις
1123 1444 1190 1502 Κυ-

174 1539 275 1619 ρίλλου
293 1536 344 1598 καί
362 1536 526 1617 Μέμνονος
543 1546 597 1599 τοῦ
612 1532 761 1615 Ἐφεσίων
784 1537 947 1599 ἐπισκόπου
969 1535 1010 1612 ὡς
1032 1537 1114 1620 παρὰ
1137 1540 1191 1601 τδν

174 1633 288 1694 κανόνα
310 1644 363 1715 τῆς
385 1634 540 1714 ἐκκλησίας
563 1635 753 1714 ποιησάντων
775 1635 830 1715 τήν
849 1636 987 1697 σύνοδον.
1023 1637 1056 1697 οί
1073 1633 1106 1697 δὲ
1124 1637 1193 1718 περὶ

136 1752 161 1793 ει
175 1730 325 1812 Κύριλλον
350 1729 515 1811 μέμφονται
543 1730 583 1806 ὡς
606 1730 724 1812 άθεσμα
749 1732 801 1795 καί
823 1732 918 1795 άτοπα
940 1733 976 1795 τδι
997 1728 1068 1815 παρ’
1092 1733 1192 1796 αὐτῶν

175 1826 331 1909 γενόμενα,
353 1828 405 1890 καί
428 1831 522 1905 οὕτως
544 1830 603 1891 ἀπὸ
627 1839 681 1910 τής
700 1824 847 1909 Ἐφεσίαν
870 1830 1080 1912 διαφερόμενοι
1102 1830 1192 1911 ἀλλή-

175 1931 237 1999 λοις
260 1925 416 2007 διέστησαν
439 1928 520 1990 οἵτε
543 1927 714 1991 άνατολικολ
735 1928 786 1990 καὶ
808 1931 841 1992 οί
856 1930 1023 2012 Αἰγύπτιοι.
1064 1929 1136 2009 μετδι
1159 1928 1193 1991 δέ
1265 1954 1268 1957 ·

175 2032 266 2085 ταῦτα
289 2027 405 2111 σπουδή
428 2035 482 2088 τοῦ
499 2024 642 2108 βασιλέως
663 2023 832 2106 ήνώθησαν
853 2028 1118 2109 συμφρονήσαντες
1139 2027 1192 2089 καλ

175 2123 208 2184 οί
227 2121 395 2187 ἀνατολικολ
418 2134 453 2210 τή
476 2124 628 2210 έκτεθείση
651 2124 685 2186 ἐν
708 2118 825 2209 Ἐφέσῳ
848 2122 1002 2209 όρθοδόξηο
1024 2126 1120 2186 πίστει
1141 2124 1194 2186 καλ

136 2230 209 2305 εοτή
241 2222 315 2283 κατὰ
346 2224 511 2304 Νεστορίον
546 2221 717 2305 καθαιρέσει
752 2222 911 2303 ἔγγραφον
937 2221 1093 2300 ἐπιστολήν
1124 2228 1188 2294 τοῖς

172 2313 393 2402 Ἀλεξανδρεῦσι
421 2320 471 2381 διδι
493 2322 618 2381 Παύλου
647 2330 700 2382 τοῦ
723 2320 887 2382 ἐπισκόπου
907 2316 1032 2400 Ἐμέσης
1056 2318 1193 2381 ἀποστεί-

176 2421 284 2489 λαντες.
330 2417 491 2498 Νεστόριος
513 2416 546 2479 δέ
568 2418 715 2499 ἐξωρίσθη
738 2418 781 2491 είς
795 2416 913 2480 Ὤασιν.

78 2528 117 2569 σοι
131 2527 163 2567 M·
243 2514 351 2587 Βλάσις
376 2514 392 2577 ὁ
416 2525 474 2576 τῶν
497 2519 622 2598 Περσῶν
650 2515 800 2597 φύλαρχος
827 2506 902 2593 ήλθε
930 2519 1093 2594 πολεμῆσαι
1118 2516 1192 2576 Θεο-

177 2609 292 2692 δόσιον,
320 2610 392 2674 δδὲ
415 2612 551 2691 βασιλεὺς
578 2611 725 2674 ἀπέστειλε
752 2605 817 2674 κατ’
838 2611 932 2674 αύτοῦ
958 2612 1114 2695 πατρίκιον
1141 2611 1193 2673 καί

248 2798 352 2861 23-μ.
369 2796 477 2861 607,12
496 2793 531 2859 es.
551 2792 617 2846 Mal.
638 2797 730 2862 364,3
751 2794 796 2863 (cf.
819 2794 875 2847 Leo
895 2791 1191 2863 Grammp.108,9).

248 2952 281 3000 11
300 2945 387 3013 κόρου
406 2944 454 2999 AB
479 2942 629 3007 ἐπίσκοπος
646 2945 735 3014 κόρου
754 2945 777 2998 L
800 2945 888 3013 κόρου
907 2940 1059 3007 ἐπίσκοπος
1075 2942 1137 2999 rell.
1158 2976 1193 2985 -

178 3022 210 3071 12
230 3014 294 3089 ίβας
313 3016 368 3071 ΟΜ
391 3016 455 3089 ίβὰς
473 3016 506 3070 V.
531 3048 565 3057 -
590 3016 687 3087 ἐδέσης
709 3019 776 3086 (-σις
794 3014 825 3086 0)
844 3014 948 3070 GDFR
971 3013 1084 3084 αίδέσης
1100 3015 1133 3068 Β.
1156 3047 1194 3056 -

178 3093 211 3141 13
230 3086 372 3157 με’μνωυος
388 3088 498 3141 BLMR
521 3086 639 3157 μέμονας
652 3089 685 3141 A.
705 3118 739 3127 -
759 3092 792 3142 15
811 3087 847 3141 τδι
864 3105 915 3143 om.
931 3086 986 3142 OM
1004 3089 1036 3141 ι’νι
1053 3085 1078 3139 Ι)
1096 3102 1152 3156 apr.
1167 3104 1194 3141 υ.

177 3176 210 3212 m.
222 3164 238 3213 1
251 3166 284 3214 αλ
296 3160 350 3214 vid.
367 3191 400 3199 -
415 3165 448 3213 21
463 3167 512 3213 τοῦ
527 3176 577 3213 om.
587 3158 697 3213 BOLR.
713 3190 746 3199 -
766 3157 915 3230 έμέσσηςΕ
933 3158 1079 3227 ἐδέσσηςΒ
1092 3174 1144 3214 om.
1154 3158 1192 3211 A.

177 3260 211 3268 -
231 3234 264 3282 22
284 3228 371 3285 ὥασιν
385 3229 461 3284 ΛΟΜ
480 3229 561 3285 ὄασιν
577 3229 627 3283 EV
645 3226 736 3283 όασαν
755 3229 784 3283 F.
804 3262 835 3270 -
858 3237 892 3284 23
910 3231 960 3284 καλ
996 3233 1017 3285 λ.
1032 3228 1083 3282 ΒΡ
1101 3230 1141 3300 βλ.
1157 3230 1191 3285 δέ

177 3299 228 3352 RV
250 3299 323 3353 κατὰ
341 3301 405 3361 τούς
423 3302 525 3363 αὐτούς
542 3299 662 3373 χρόνους
679 3302 719 3371 βλ.
736 3300 765 3354 1¹¹.
783 3332 818 3342 -
837 3301 971 3374 βλάσιςῦ
999 3301 1024 3354 R
1064 3299 1191 3369 λάσηςῙι

177 3368 291 3441 βλάσιος
304 3370 436 3426 ABDFV
451 3371 571 3499 χθλάσιες
589 3375 668 3443 (eras.
684 3391 699 3426 ο
717 3378 749 3427 τά
766 3372 832 3443 vid.)
850 3373 873 3427 E
892 3372 1028 3444 (Βλάσσης
1077 3370 1132 3433 αλ).
1153 3404 1189 3412 -

179 3448 213 3496 24
232 3443 361 3513 βασιλεὺς
377 3445 450 3497 θεοδ
468 3460 527 3506 σιος
545 3441 601 3496 LV.

250 3598 283 3645 23
303 3593 394 3648 ἐλθὼν
412 3596 472 3646 πολ.
488 3597 567 3649 θεοδ.
582 3591 742 3650 ἀπέστειλεν
761 3594 776 3649 δ
795 3597 856 3667 βασ.
872 3589 936 3649 κατ’
953 3595 1016 3651 αύτ.
1029 3594 1058 3647 Ρ.
