2617 3909
199 240 263 305 748
505 228 693 295 νοσεοῐοω
711 244 894 295 Μοαοκοο

196 389 364 470 ἀποστῆναί
389 409 421 452 σε
448 400 501 470 τῆς
523 389 697 472 ἀκαθάρτου
725 389 775 452 καλ
802 392 946 472 βδελυρᾶς
974 394 1119 474 πορνείας
1146 393 1227 455 ἕστε-

196 489 296 569 ρήθης
318 498 372 550 τοῦ
394 489 583 571 παραδείσου.
629 487 679 549 καὶ
701 497 793 550 ταῦτα
816 489 833 550 δ’
855 511 885 550 τε
907 489 1091 571 πατριάρχης
1115 491 1173 552 καὶ
1196 494 1230 554 οί

196 588 252 648 σὺν
271 586 349 671 αύτῷ
363 587 471 659 ’πάντες
488 585 669 660 ἀκούσαντες
688 587 774 671 φόβφ
793 588 908 672 μεγάλῳ
926 586 1123 668 συσχεθέντος
1146 591 1224 672 πρὸς

195 685 339 764 ἀλλήλους
353 684 464 766 ἔλεγον·
486 685 607 758 δικαίως
621 677 678 746 ούν
692 684 742 746 καλ
755 683 845 759 ἀξίως
860 684 875 747 δ
889 684 1052 759 ἀπόστολος
1072 686 1224 768 ἔγραφεν·

169 783 316 865 οφεύγετε
343 782 398 861 τήν
425 783 574 862 πορνείαν.
620 793 682 844 πᾶν
709 781 866 864 ἁμάρτημα
894 780 911 844 δ
939 782 991 844 ἐὰν
1019 785 1138 868 ποιήσῃ
1169 784 1222 846 άν-

195 886 319 963 θρωπος
345 880 427 954 ἐκτὸς
454 889 506 942 τοῦ
534 881 669 960 σώματός
695 881 788 962 ἐστιν,
820 879 836 943 δ
865 881 897 943 δὲ
925 883 1082 966 πορνεύων
1112 885 1160 957 είς
1189 885 1219 945 τὸ
1290 875 1291 880 ¹

194 979 273 1040 ἴδιον
295 987 380 1058 σῶμα
401 975 569 1058 ἁμαρτάνει.
614 977 665 1039 καλ
687 978 742 1061 γὰρ
766 978 782 1042 δ
806 981 878 1053 θεὸς
905 979 938 1042 ἕν
965 987 1005 1065 τῷ
1024 981 1111 1068 νόμφ
1142 1005 1218 1064 παρ

194 1082 285 1160 εγγυᾷ
304 1076 443 1153 φάσκων·
471 1077 591 1158 γίνεσθε
614 1077 694 1158 ἅγιοι
717 1077 761 1138 ότι
784 1077 841 1160 ἐγὼ
864 1077 948 1160 ἀγιός
970 1079 1037 1158 είμι.
1085 1081 1143 1140 καί
1148 1097 1154 1109 ·
1183 1081 1217 1141 ού

191 1176 375 1256 πορνεύσεις,
397 1173 435 1235 ού
458 1175 627 1254 μοιχεύσεις.
669 1177 731 1236 καί·
755 1175 812 1237 ούκ
831 1174 909 1237 ἔσται
927 1178 1051 1257 πορνεία
1072 1176 1136 1240 ἀπὸ
1157 1185 1214 1239 θν-

154 1294 180 1333 ιο
193 1271 323 1355 γατέρων
342 1267 458 1354 Ἰσραήλ
479 1271 530 1332 καὶ
552 1269 608 1333 ούκ
630 1272 711 1333 ἔσται
733 1274 888 1355 πορνεύων
911 1273 970 1336 ἀπὸ
992 1275 1069 1336 υίῶν
1086 1271 1213 1358 Ἰσραήλ.

192 1379 253 1431 πού
270 1372 374 1432 τοίνυν
391 1369 467 1431 εἰσὶν
485 1370 515 1430 οἱ
531 1368 664 1450 λέγοντες
687 1370 742 1451 ότι,
765 1369 822 1432 κάν
840 1373 1042 1452 πορνεύωμεν,
1065 1384 1214 1454 ποιοῦμεν

192 1468 394 1548 ἐλεημοσύνην
420 1466 470 1529 καί
493 1467 656 1546 σωζόμεθα.
703 1465 797 1552 δγάρ
824 1467 917 1542 όντως
945 1469 1076 1550 ἐλεήμων
1106 1471 1212 1534 ἑαυτὸν

100 1575 105 1582 ’
192 1565 304 1644 ὀφείλει
321 1575 439 1647 πρῶτον
457 1565 572 1645 ἐλεῆσαι
590 1564 641 1626 καὶ
659 1565 711 1627 τόν
724 1564 871 1648 ἀγιασμδν
884 1575 937 1629 τοῦ
952 1569 1087 1646 σώματος
1107 1594 1211 1652 κατορ-

193 1670 306 1742 θῶσαι,
330 1656 366 1724 ού
389 1662 477 1746 χωρλς
499 1662 598 1737 ούδελς
620 1662 727 1742 όψεται
749 1666 801 1727 τόν
824 1666 937 1746 κύριον.
983 1666 1099 1728 ούκοῦν
1123 1667 1212 1730 ούδὲν

153 1782 180 1822 ιο
194 1759 339 1840 ὠφελήσει
353 1760 385 1822 τὸ
400 1759 543 1843 ἀργύριον
556 1761 716 1841 διδόμενον
734 1762 767 1824 ἐκ
780 1763 875 1845 χειρός
888 1764 1023 1846 βυπαρᾶς
1041 1764 1093 1825 καὶ
1112 1777 1212 1846 ψυχῆς

192 1858 393 1937 ἀμετανοήτου
421 1858 472 1920 καὶ
494 1858 717 1939 μεμολυσμὲνης
744 1859 794 1921 καί
816 1860 1041 1941 διεφθαρμένης
1067 1862 1130 1925 ὑπὸ
1153 1875 1211 1924 τῶν

191 1956 373 2039 ἀκαθάρτων
395 1957 495 2039 ἔργων.

256 2049 388 2137 Ἐγίνετο
408 2054 441 2117 δὲ
459 2055 509 2116 καὶ
527 2055 560 2118 ἐν
577 2065 614 2140 τῇ
633 2057 743 2140 μεγάλη
753 2050 849 2140 Ῥώμη
868 2080 895 2117 τι
913 2067 1061 2118 τοιοῦτον·
1083 2059 1211 2141 μοναχός

93 2175 133 2213 εω
147 2173 177 2213 υ.
191 2177 235 2227 τις
256 2152 435 2234 ἀφορισθελς
461 2152 520 2216 ὑπὸ
543 2155 711 2236 Γρηγορίου
733 2163 786 2215 τού
809 2155 893 2215 πάποι
921 2152 960 2228 ὡς
983 2155 1064 2236 παρὰ
1086 2159 1210 2237 γνώμην

152 2273 179 2312 το
192 2261 245 2313 τοῦ
263 2249 433 2332 ἡγουμένου
452 2251 544 2312 αύτοῦ
566 2250 617 2312 καί
635 2251 716 2333 παρὰ
733 2251 784 2313 τὸν
802 2252 917 2332 θεσμὸν
935 2263 988 2314 τοῦ
1007 2257 1210 2338 μοναστηρίον

263 2447 280 2494 4
300 2446 324 2493 1.
335 2439 395 2496 Gor.
406 2447 431 2508 6,
442 2445 483 2494 18.
496 2473 528 2480 -
544 2447 560 2494 8
574 2440 662 2495 Levit.
675 2445 718 2508 11,
727 2446 769 2494 44.
779 2472 815 2480 -
829 2440 916 2494 Exod.
932 2445 975 2509 20,
986 2445 1019 2494 13
1034 2439 1119 2496 Deut.
1131 2448 1207 2511 ο,18.

192 2543 225 2551 -
246 2517 262 2565 9
280 2511 362 2566 Βοοι.
383 2517 426 2577 νο,
444 2517 485 2564 ιτ.
505 2544 539 2552 -
563 2518 596 2565 13
615 2511 700 2566 Hehr.
722 2518 769 2579 τε,
785 2517 825 2566 14.
854 2544 885 2552 -
911 2517 1016 2580 18-10.
1038 2516 1105 2580 κιο,
1122 2520 1155 2567 ιο
1173 2516 1207 2580 es.

191 2583 253 2635 Joh.
268 2582 377 2636 Moschi
394 2583 511 2637 Pratum
529 2583 596 2651 spir.
615 2599 655 2654 ομ.
675 2587 734 2636 192.
754 2583 850 2653 Migne
868 2583 945 2638 Tom.
960 2588 1004 2651 87,
1020 2589 1045 2651 3,
1061 2589 1141 2640 30⁷2.

264 2759 277 2805 1
302 2754 453 2823 βδελλυρᾶς
474 2751 620 2805 ABMRV.
650 2785 683 2792 -
712 2758 728 2806 2
752 2753 801 2806 κοιλ
823 2758 887 2807 ante
909 2761 997 2806 ταῦτα
1020 2770 1071 2808 om.
1091 2754 1150 2810 AB.
1173 2787 1205 2795 —

190 2825 354 2950 gmssyffisev
378 2823 398 2878 O
427 2823 499 2894 ἔλεγε
522 2822 641 2894 γράφων
658 2823 691 2878 V.
716 2855 749 2864 -
779 2831 794 2877 5
819 2821 862 2878 ὅτι
884 2832 943 2878 πᾶν
965 2823 1029 2878 MV.
1059 2857 1095 2865 -
1125 2831 1158 2879 18
1179 2847 1204 2880 τι

263 3063 277 3110 1
297 3055 465 3124 ἀκαθάρτου
483 3056 532 3109 κοιλ
550 3057 686 3127 βδελυρόις
704 3072 754 3110 om.
774 3055 804 3109 P.
824 3087 858 3096 —-
878 3061 947 3108 3-6
966 3055 1140 3120 ἀκούσαντες
1158 3057 1204 3110 καλ

190 3126 315 3196 μεγάλας
332 3125 514 3196 ἐκπλαγέντες
531 3126 580 3181 καλ
600 3125 776 3199 φοβηθέντες
795 3121 886 3182 είπον·
911 3124 1024 3188 εἰκότως
1042 3123 1094 3181 ούν
1113 3127 1203 3198 ἔλεγεν
1290 3127 1291 3132 ’

190 3198 206 3250 ό
224 3201 306 3259 θεῖος
324 3197 489 3260 ἀπόστολος·
515 3198 632 3268 φεύγετε
649 3197 679 3251 Ρ.
700 3229 733 3238 -
753 3204 769 3251 ὃ
787 3203 916 3253 πᾶν-7
936 3197 1090 3266 ἁμαρτάνει
1108 3215 1159 3253 om.
1173 3198 1202 3266 P,

189 3270 235 3323 τιό
253 3270 352 3324 multos
374 3271 444 3324 alios
466 3272 618 3338 scripturae
638 3286 733 3324 sacrae
752 3271 822 3324 locos
839 3271 943 3324 ίκεετίσ.
968 3300 1001 3309 -
1027 3276 1059 3322 11
1078 3267 1203 3340 λέγοντες

190 3337 245 3392 κάν
263 3357 344 3405 πορν.
359 3339 428 3395 ἀλλά
444 3336 582 3408 ποιοῦμεν
600 3340 630 3394 Ρ.
650 3371 685 3380 -
705 3345 739 3394 14
756 3341 807 3396 τὸν
821 3342 929 3409 κύριον,
947 3340 1055 3410 δηλαδή
1068 3340 1138 3409 μετά
1152 3358 1201 3395 σω-

190 3405 288 3478 τηρίας
310 3409 378 3462 ἀλλὰ
401 3409 469 3477 μετά
486 3408 682 3477 κατακρίσεως.
717 3409 841 3480 πόρνους
863 3411 916 3482 γάρ
936 3429 1005 3480 φησι
1023 3412 1071 3465 καλ
1089 3414 1202 3484 μοιχοδς

190 3486 282 3544 κρινεῖ
305 3476 320 3529 δ
341 3476 417 3540 θεός.
450 3480 642 3550 ἀφιλάργυρος
670 3481 684 3534 δ
707 3479 817 3549 τρόπος.
851 3483 954 3536 ούκοόν
977 3481 1007 3536 Ρ.
1037 3513 1069 3522 -
1101 3489 1134 3536 15
1156 3481 1200 3552 όν

190 3555 283 3611 πυρᾶς
301 3563 351 3599 ουκ.
370 3547 400 3599 Ρ.
420 3580 453 3587 -
479 3555 511 3601 17
530 3552 599 3604 Alia
617 3551 751 3619 quaedam
770 3554 834 3606 add.
851 3553 880 3606 P.
905 3585 938 3593 -
964 3559 996 3607 18
1014 3553 1064 3606 καλ
1082 3555 1202 3624 μοναχδς

192 3615 224 3668 δέ
241 3633 284 3676 τις
302 3615 332 3667 ἐν
351 3613 427 3686 ρ’άμη
446 3619 615 3686 ἀφοριοθελς
632 3625 693 3690 (om.
712 3620 820 3692 ἐγένετο
831 3655 862 3662 -
873 3626 1011 3694 τοιοῦτον)
1029 3623 1060 3677 Ρ.
