2617 3909
194 233 260 298 526
504 236 691 287 Γυαοσιου
709 237 891 289 ποσιτιον

195 385 443 463 συνδιαιτώμενος
465 382 514 444 καὶ
532 393 585 463 τῆς
605 383 686 464 ἱερᾶς
703 384 803 445 αὐτῶν
821 384 1011 458 διδασκαλίας
1028 384 1080 447 καὶ
1096 391 1208 447 νυυθε·

195 482 261 555 σίας
274 481 417 562 ἑπόμενος
429 481 581 555 ἀσπασίως
594 481 644 542 καί
656 483 800 562 γνησίωςς
814 491 880 556 πῶς
888 479 921 542 δὲ
934 481 984 543 καί
998 489 1059 556 τοῖς
1073 481 1209 556 ἀπίστοις

195 578 331 657 ἐφαίνετο
354 580 519 662 χριστιανδς
541 579 647 654 τέλειος
670 579 759 659 μήπω
777 579 943 653 τελειωθεὶς
962 579 1013 642 διὰ
1030 590 1084 643 τοῦ
1102 583 1208 662 βαπτί-

195 697 318 757 σματοςς
337 689 401 751 πῶς
414 677 447 740 δὲ
465 677 514 740 καί
535 676 551 739 ό
569 678 748 758 κατεπείγων
765 676 815 738 καί
829 676 1003 759 ἀναγκάζων
1016 679 1088 752 τοὺς
1100 677 1209 752 ἀλλους

50 763 51 768 ¹
158 801 182 841 *h
196 775 328 849 ἅπαντας
341 773 484 848 ἀπίστους
497 776 635 855 δηλονότι
646 785 801 837 πιστεῦσαι
812 774 864 836 καί
872 778 1076 857 βαπτισθῆναι
1089 777 1140 838 καί
1153 778 1209 856 τὴν

195 870 283 953 ἁγίαν
300 872 406 954 τριάδα
423 871 602 954 ὁμολογῆσαι
625 873 835 955 καθαρώτερόν
852 895 883 934 τε
904 873 954 934 καί
979 873 1209 957 τηλαυγέστερον

196 969 285 1042 αὐτὸς
303 970 335 1031 ἐν
350 971 472 1054 τοιούτῳ
486 972 579 1056 σκότῳ
593 971 764 1053 ἐτόγχανεν;
782 969 907 1050 ἀληθῶς
920 973 1035 1049 ψεῦδος
1048 984 1136 1036 τοῦτο
1153 974 1209 1036 m

197 1067 278 1148 ἄρχει
286 1065 766 1149 καίάνάπλασματῆςἈρειανικῆς
779 1067 934 1131 καῖάθίυυ
943 1069 1080 1151 αίρίσεως
1092 1071 1144 1134 καί
1157 1083 1210 1152 τῆς

97 1185 136 1226 τεο
151 1183 182 1222 Μ.
197 1165 295 1226 αάτῶν
308 1165 444 1240 ἀπιστίας
461 1165 511 1228 καί
529 1166 664 1247 ἀσεβείας
677 1167 870 1248 κακούργημα
889 1168 1080 1247 βουλομένων
1099 1181 1152 1250 τῆς
1165 1171 1210 1232 σι’-

157 1291 184 1332 10
197 1265 276 1338 κείας
289 1263 427 1347 αἱρέσεως
441 1264 628 1344 ὑπασπιστὴν
642 1264 798 1338 ἀποδεῖξαι
810 1264 863 1326 τόν
877 1263 969 1346 μίγαν
981 1270 1210 1330 Κωνσταντῖνον

196 1361 246 1424 καί
266 1361 325 1424 ὑπὸ
341 1357 501 1442 Ἀρειανῶν
519 1363 609 1425 αὐτόν
628 1365 726 1442 δῆθεν
740 1365 944 1444 βαπτισθῆναι
956 1362 1209 1428 ἀναπλαττόντων.

266 1459 491 1542 Τοιγάρτοικαὶ
514 1459 530 1523 δ
554 1459 643 1543 μίγας
661 1456 809 1542 Ἰσίδωρος
830 1462 928 1524 τοιαίδε
951 1464 1057 1543 φησίν·
1081 1466 1132 1526 δεῖ
1149 1466 1209 1526 τοί-

197 1581 254 1619 νυν
281 1557 460 1620 ἀκολουθεῖν
487 1557 537 1620 καί
564 1564 737 1640 πειθαρχεῖν
768 1569 804 1644 τῆ
836 1563 1072 1646 συγκροτηθείσγ
1100 1563 1210 1646 μεγάλῃ

174 1655 247 1716 ,καί
278 1654 348 1740 ἁγίᾳ
380 1656 496 1740 συνόδῳ
523 1657 556 1718 ἐν
583 1657 697 1741 Νικαίρι
725 1656 800 1717 κατδι
824 1652 939 1740 Ἀρείου
967 1667 1020 1720 τοῦ
1047 1661 1212 1740 δυσσεβοῦς

158 1780 183 1821 ις
197 1763 256 1814 τῶν
279 1751 340 1833 παρ’
363 1751 455 1834 ἁγίων
477 1754 619 1836 πατέρων.
665 1754 763 1833 ἐκείνη
786 1754 842 1837 γὰρ
862 1755 974 1817 θεόθεν
992 1756 1212 1836 ἔμπνευσθεῖσα

198 1849 325 1930 τάληθὲς
348 1850 544 1932 ἐδογμάτισεν.
591 1851 688 1914 ἰστέον
710 1854 813 1914 τοίνυν
836 1851 877 1926 δος
899 1853 932 1916 ἕν
954 1863 989 1939 τῆ
1012 1860 1124 1940 παλαιᾷ
1146 1857 1211 1917 δια-

198 1949 282 2034 θήκῃ
314 1948 380 2030 περὶ
409 1959 462 2029 τῆς
489 1947 574 2031 διγίας
606 1948 656 2010 καὶ
684 1949 845 2029 δμυουσίου
871 1953 991 2033 τριάδος
1017 1963 1164 2031 μυστικῶς
1191 1950 1210 2031 ἡ

199 2048 371 2110 διδασκαλία
400 2047 640 2131 ἕγκατέσπαρται,
671 2046 713 2122 ὡς
738 2048 789 2110 καί
813 2051 936 2111 Φίλωνα
964 2050 1059 2112 καίτοι
1086 2073 1118 2132 γε
1138 2045 1211 2112 Ἰου-

198 2145 285 2208 δαῖον
316 2142 411 2226 όίνδρα
442 2145 611 2226 ὑπάρχοντα
642 2145 692 2207 καί
724 2146 856 2226 ζηλωτὴν
886 2141 926 2208 δι’
951 2141 995 2209 ὧν
1024 2147 1210 2211 καταλέλοιπε

271 2313 375 2362 12-16
389 2267 775 2380 τεσσεεειητσρρστμσ
793 2310 889 2382 Migne
903 2310 980 2365 Tem.
997 2316 1039 2378 τε,
1050 2284 1162 2366 ιἰιτε.
1178 2344 1210 2352 -

202 2383 304 2447 16—p.
320 2385 382 2444 530,
397 2384 412 2432 9
431 2381 467 2435 ib.
482 2379 515 2447 Π,
532 2386 582 2433 143
601 2381 698 2450 Migne
716 2386 768 2435 585
779 2381 809 2434 Β.
867 2385 870 2388 ’
907 2381 913 2389 ’

272 2508 285 2555 1
305 2511 366 2568 ταῖς
380 2503 468 2571 ἱεραῖς
482 2505 542 2559 αὐτ.
558 2504 752 2568 διδασκαλίαις
765 2507 814 2561 καὶ
828 2502 993 2568 νουθεσίαις
1006 2504 1065 2558 BF.
1081 2536 1115 2544 —
1134 2509 1151 2556 4
1164 2503 1212 2557 καὶ

199 2579 262 2628 σιτία
277 2573 292 2627 δ
307 2591 357 2629 ονε.
368 2574 423 2627 ΑΒ.
436 2607 469 2615 -
484 2581 499 2628 7
514 2578 618 2645 ψευδὲς
632 2578 746 2632 τοῦτοδ
760 2585 841 2632 τοῦτο
853 2580 961 2646 ψεῦδος
975 2578 1096 2648 (ψευδῶς
1105 2575 1139 2643 R)
1149 2574 1211 2628 MR.

200 2675 234 2683 -
254 2649 288 2698 10
311 2644 497 2710 ὑποδεῖξαιῦ
521 2648 668 2714 ἀναδεῖξαι
690 2649 723 2702 Α.
748 2681 782 2690 -
807 2653 839 2703 11
862 2651 954 2718 δῆθεν
976 2648 1063 2702 αὐτὸν
1086 2649 1168 2718 βαπτ.
1188 2645 1212 2698 V

200 2718 291 2784 δῆθεν
305 2718 385 2788 βαπτ.
402 2717 488 2772 αὐτὸν
502 2717 532 2771 Β.
549 2749 581 2758 -
603 2725 635 2774 18
651 2739 682 2790 γε
695 2737 747 2776 om.
762 2718 821 2774 RV.
838 2751 873 2759 -
896 2725 982 2774 1819
1001 2720 1131 2774 ίαυδαῖον
1145 2716 1212 2772 ὄντα

199 2787 248 2840 καὶ
271 2787 390 2857 ζηλωτὴν
409 2787 527 2843 FPIsid.
555 2822 587 2830 -
613 2796 645 2844 19
669 2789 879 2846 καταλέλειπται
899 2792 925 2844 R
947 2789 1114 2846 κατόλιπεδ
1142 2789 1212 2843 ἀπυ-

199 2857 308 2914 λέλοιπε
326 2859 422 2914 PIsid.
1118 2896 1121 2902 ·

272 2982 286 3029 1
301 2975 352 3046 τὴν
367 2975 446 3044 ίερόιν
456 3010 489 3018 -
501 2974 686 3032 διδασκαλίαν
700 2996 735 3032 m.
749 2982 769 3032 2
783 2977 812 3032 P.
829 3010 862 3018 -
882 2978 931 3032 καί
947 2973 1100 3040 νουθεσίας
1117 2995 1167 3033 om.
1182 2977 1211 3030 P.

200 3079 233 3087 —
252 3052 269 3100 2
288 3045 432 3110 ἀσπασίως
449 3067 479 3103 τε
498 3049 546 3102 καί
564 3049 594 3102 P.
612 3081 646 3091 -
665 3055 751 3103 3-11
771 3051 812 3105 sic
828 3052 860 3103 ιἰι
878 3049 914 3103 P:
934 3047 983 3103 διὰ
1000 3058 1050 3103 τοῦ
1069 3047 1150 3121 βάπτ.
1164 3049 1212 3103 καί

201 3114 267 3186 ὅπερ
287 3118 380 3181 ἀλλοις
393 3119 543 3192 κατεπήγει
557 3119 692 3192 δέχεσθαι
710 3122 758 3174 καί
773 3121 823 3190 τὴν
837 3119 977 3190 σωτηρίαν
990 3121 1039 3175 καί
1054 3120 1212 3189 ἀπολύτρω-

201 3207 245 3244 σιν
259 3198 315 3244 τῶν
328 3190 533 3262 ἁμαρτημάτων
546 3195 654 3246 θᾶττον
668 3194 850 3260 καρποῦσθαι
865 3191 914 3246 διδι
927 3192 959 3246 τδ
973 3190 1080 3261 ἄδηλον
1093 3200 1143 3246 τοῦ
1157 3195 1212 3246 θα-

200 3258 287 3315 νάτου
305 3263 354 3315 καὶ
369 3261 515 3331 αἰφνίδιον
534 3263 620 3325 αὐτὸς
634 3261 768 3334 ἀμάτογός
781 3282 810 3317 τε
829 3263 878 3317 καί
894 3263 1017 3332 ἀμόῆτος
1035 3262 1211 3332 διεκαρτέρει.

199 3331 237 3456 μί
251 3330 368 3421 ἀλλ’
396 3332 543 3458 λέλλςλίρ
556 3342 638 3457 Ὗ
653 3335 701 3458 ’ί
715 3333 1213 3475 ἀίοὶλλτίξίλίλάθλίλλῗ

200 3406 596 3542 ἀπὸωάόφβάόάίόόῇόόαίῗ
608 3425 800 3543 ίλατόιγάρτοι
818 3476 883 3542 περί
901 3425 1075 3546 τῆςφπράπης
1092 3476 1212 3531 συνόδου

202 3543 251 3597 καί
270 3543 299 3596 Ρ.
318 3575 351 3582 -
372 3549 405 3596 14
423 3553 472 3598 τοῦ
492 3547 643 3669 δυσσεβοῦς
662 3561 712 3599 om.
728 3545 757 3599 P.
777 3553 863 3613 -15
882 3557 938 3602 τῶν
956 3544 1046 3603 θείων
1063 3545 1116 3618 τιη’
1130 3547 1215 3603 πατί-

203 3635 259 3683 ρωυ
278 3613 306 3666 Ρ.
327 3645 359 3653 -
381 3619 467 3667 1718
487 3615 570 3685 ἐγκατ
585 3632 706 3682 σπαρταν
723 3626 861 3684 μυστικῶς
878 3617 896 3686 ἠ
915 3618 1084 3674 διδασκαλία
1096 3619 1126 3672 P.
1197 3651 1201 3657 -
