2617 3909
206 211 270 276 750
519 213 706 266 Γειοεοιοτ
724 214 907 266 nomer

203 361 340 424 θανάτου
362 359 413 422 καλ
435 369 488 441 τῆς
505 361 628 441 κρίσεως
650 359 753 440 καιρὸς
776 362 927 424 διδάσκων
949 359 1042 424 αάτδν
1065 359 1108 434 ὡς
1126 360 1231 440 ἀψευ-

204 461 260 539 δὴς
282 457 298 522 6
321 459 408 540 λόγος
429 467 483 520 τοῦ
505 459 612 541 κυρίου
637 457 688 522 καλ
711 457 727 522 6
750 459 843 538 νόμος
865 469 918 539 τῆς
940 458 1035 522 αὐτοῦ
1057 459 1230 539 ἐκκλησίας.

204 558 278 620 ὅθεν
300 558 406 619 λοιπὸν
429 555 486 639 ἐγὼ
509 554 563 636 μὲν
585 555 758 632 ἀνεόθνυός
780 557 855 637 εἰμι,
882 557 915 619 τὸ
938 556 994 638 γὰρ
1017 557 1153 637 ἐμαυτοῦ
1177 580 1228 622 πε-

202 656 326 735 ποίηκα,
347 654 459 730 ἐκεῖνος
472 652 513 716 δὲ
536 653 587 716 τδν
610 660 698 718 θεῑου
721 654 810 736 ζυγδν
833 652 1004 737 ἀπορρίψας
1026 653 1078 716 καλ
1100 653 1139 715 τὰ
1164 655 1228 736 ἱερά

177 752 298 832 σδεσμά
319 752 490 834 διαρρήξας,
512 750 529 814 δ
550 752 636 834 λόγος
659 752 740 838 αὐτῷ
762 752 843 815 ἔσται
864 753 938 832 πρδς
960 753 1012 816 τὸν
1034 751 1102 831 ἐμοὶ
1124 755 1229 836 κελεύ-

204 869 295 913 σαντα
322 852 420 930 δῆσαι.
466 848 536 914 οάδὲ
562 851 633 932 γάρ,
665 851 694 911 εί
721 847 864 932 βασιλέως
895 847 1133 930 προκαθημένου
1167 859 1228 910 τῶν

203 949 396 1029 παρεστώτων
419 948 599 1029 δορυφόρων
621 971 666 1021 τις
688 947 836 1029 ἐπετράπη
860 949 952 1028 δῆσαί
971 971 1037 1010 τινα
1060 957 1121 1008 τῶν
1146 946 1226 1026 ὑπη-

203 1045 283 1108 κόων
301 1045 351 1108 καλ
369 1045 405 1106 τὰ
423 1045 515 1125 δεσμὰ
533 1047 713 1128 περιβαλεῖν,
731 1045 843 1120 ἐκεῖνος
862 1044 894 1108 δὲ
913 1045 950 1108 οά
969 1045 1064 1124 μόνον
1083 1043 1219 1106 ἀπώσατο

203 1153 324 1224 τοῦτον,
346 1143 420 1205 ἀλλὰ
441 1143 491 1206 καλ
514 1143 549 1204 τά
572 1143 665 1224 δεσμά
689 1144 886 1224 διαρρήξειεν,
910 1142 926 1206 δ
950 1143 1122 1224 δορυφόρος
1147 1141 1219 1204 ἐστὶν

165 1263 191 1304 ιο
206 1239 222 1302 6
239 1241 295 1321 τὴν
312 1243 402 1324 ὕβριν
415 1243 592 1321 4πεπονθώς,
610 1237 674 1304 ἀλλ’
696 1239 712 1302 6
731 1242 869 1315 κελεύσας
888 1241 1032 1321 βασιλεύς.
1074 1239 1126 1302 καλ
1147 1241 1222 1319 μάλα

204 1339 330 1414 εἰκότως.
375 1339 411 1400 τὰ
433 1339 489 1421 γάρ
511 1340 554 1413 εἰς
575 1339 646 1414 τοὺς
669 1339 866 1413 διδασκάλους
891 1339 1032 1420 γινόμενα
1055 1356 1223 1421 προσοικει-

204 1438 330 1516 οόμενος
348 1434 364 1498 δ
382 1438 503 1500 πάντων
525 1438 663 1519 βασιλεύς
681 1460 711 1499 τε
733 1435 783 1498 καὶ
805 1437 909 1518 κύριος
931 1435 1020 1508 αὐτὸς
1043 1435 1084 1508 ἀς
1107 1459 1224 1515 τετιμη
1285 1473 1286 1526 6

204 1532 334 1616 μόνοςῆ
357 1534 534 1614 ὑβρισμένος
556 1536 739 1598 διακείσεται.

106 1751 190 1793 σωκ
265 1726 337 1810 [λδ’.
370 1729 459 1811 Περὶ
485 1733 764 1793 Κωνσταντίνον
791 1740 854 1792 τοῦ
881 1725 1160 1811 Κοπρωνάμου]

164 1884 191 1926 ιι
270 1862 360 1924 Μετά
377 1847 410 1925 δὲ
424 1863 541 1926 Λέοντα
556 1863 725 1944 ἐβασίλευσε
738 1868 965 1936 Κωνσταντῖνος
983 1861 999 1923 6
1013 1863 1223 1944 Κοπριόνυμος
1284 1943 1285 1952 2

202 1961 270 2034 υίδς
296 1960 390 2022 αὐτοῦ
417 1962 467 2041 ἔτη
495 1960 553 2041 λδ’,
585 1961 618 2024 ἐκ
645 1963 815 2025 δεινοτάτου
847 1961 964 2035 λεόντος
995 1961 1221 2043 ποικιλότροπος
1284 1953 1285 1980 ³

204 2059 363 2140 πάρδαλις,
389 2059 421 2121 ἐκ
444 2058 608 2140 σπέρματος
631 2058 729 2138 όφεως
751 2059 841 2133 ἀσπίς
863 2059 946 2138 δεινὴ
970 2057 1020 2120 καλ
1043 2057 1115 2137 όφις
1137 2059 1220 2120 πετό-

204 2179 303 2237 μενος,
326 2156 394 2219 ὀίκ
412 2157 477 2219 Δδιν
495 2156 684 2240 ἀντίχριστος.
726 2151 814 2232 οὗτος
835 2157 891 2237 τὴν
909 2154 1047 2242 πατρῴαν
1069 2159 1220 2237 βασιλείαν
1283 2163 1284 2180 λ

204 2253 307 2315 τεκαὶ
331 2253 504 2334 δυσσέβειαν
527 2255 736 2334 διαδεξάμενος
758 2257 847 2317 πλείω
874 2254 925 2317 καλ
951 2259 1063 2335 μᾶλλον
1089 2254 1123 2316 ἐκ
1146 2261 1219 2316 θεοῦ

165 2370 192 2414 ιο
205 2351 255 2414 καὶ
275 2361 328 2432 τῆς
346 2353 530 2435 θεομήτορος
553 2351 603 2414 καλ
620 2353 741 2416 πάντων
759 2352 852 2414 αὐτοῦ
872 2363 932 2414 τῶν
949 2350 1042 2435 ἁγίων
1066 2353 1218 2429 διΐσταται,

204 2449 370 2512 κάντεῦθεν
387 2452 492 2514 λοιπόν
516 2451 650 2533 μαγείαις
672 2449 722 2512 καλ
739 2449 901 2534 ἀσελγείαις
917 2449 967 2512 καλ
986 2450 1141 2528 δαιμόνων
1158 2450 1218 2514 ἐπι-

204 2547 322 2626 κλήσεσι
349 2547 398 2610 nai
421 2546 520 2622 ἀλλοις
543 2555 687 2631 πονηροῖς
710 2547 919 2630 ἐπιτηδεύμασι
941 2549 1052 2630 χαίρων
1079 2547 1131 2608 καλ
1154 2567 1216 2628 σχο

243 2742 380 2863 Χέδνῖιβθ
394 2738 580 2794 Τλιοοελοτίολὶ
589 2737 658 2794 vita
671 2737 790 2793 Nicetao
806 2755 847 2807 cp.
862 2742 896 2792 28
910 2737 972 2790 Act.
984 2735 1078 2792 Sanoiz.
1093 2737 1183 2807 April.
1196 2735 1210 2788 λ

199 2826 228 2878 γ.
361 2851 366 2861 .

276 2956 365 3006 ww
384 2948 516 3020 ὑπηκόων
534 2951 638 3006 τιναΙι
662 2971 725 3008 τινα
749 2968 800 3006 ουτ,
820 2949 901 3004 CEV.
927 2982 960 2990 -
985 2955 1001 3003 9
1023 2949 1038 3003 6
1057 2949 1213 3019 δορυφόρος

203 3021 301 3076 ΑΒΙιΡ
325 3023 359 3077 οά
377 3022 599 3092 δορυφῦΕΒλΤ
622 3024 656 3079 οὐ
693 3021 828 3092 δδορυφ,
842 3021 877 3075 N.
897 3053 930 3062 -
951 3025 985 3077 10
1004 3019 1064 3076 ἀλλ’
1082 3020 1212 3092 οάχδΒ.
1279 3075 1280 3080 ,

203 3125 237 3134 -
258 3098 291 3146 12
310 3092 325 3148 6
344 3094 533 3220 πρηκβασιλεάς
556 3092 659 3148 CELR
687 3137 692 3148 .
717 3126 751 3135 —-
779 3099 810 3148 15
830 3092 845 3148 6
868 3092 999 3160 κοπράνυ
1020 3113 1052 3156 ος
1070 3100 1137 3162 post
1157 3090 1213 3154 υἱδς
1279 3081 1280 3117 ¹

203 3164 352 3220 mov-1622.
401 3183 452 3221 om.
463 3164 508 3219 LP
522 3164 537 3220 6
551 3166 719 3237 καβαλλῖνος
732 3166 780 3219 καλ
794 3165 977 3234 κοπράνυμος
1016 3163 1050 3218 R.
1061 3196 1096 3204 -
1108 3169 1141 3218 16
1154 3182 1212 3218 ποι-

202 3234 366 3361 ἒιλοτρὲίπος
382 3237 464 3292 AMV
486 3242 511 3292 ιδ
533 3253 603 3291 rece.
622 3237 747 3304 quidam.
774 3268 808 3277 -
837 3241 870 3290 1⁷
892 3236 1049 3304 πετόμενος
1071 3235 1212 3288 ΒΙιΡΙλιλ
1278 3237 1279 3315 6

244 3324 279 3362 m.
313 3349 320 3361 .

244 3464 247 3470 ·
276 3453 361 3502 2τοῦ
380 3465 431 3503 om.
451 3448 481 3500 P.
505 3479 536 3488 -—
565 3453 678 3502 16—18
697 3448 835 3518 πάρδαλις
857 3445 1078 3517 ποικιλότροπος.
1111 3447 1142 3503 ἐκ
1161 3447 1209 3516 γάρ
1277 3439 1278 3513 6

204 3517 301 3586 σπέρμ.
321 3517 368 3587 όφ.
388 3518 507 3586 ἐξῆλθεν
524 3518 609 3580 ἀσπίς
627 3519 676 3573 καλ
695 3517 761 3587 όφις
779 3521 942 3590 πετόμενος,
962 3517 993 3582 ὃς
1011 3519 1046 3588 δὴ
1064 3518 1116 3587 τὴν
1132 3537 1209 3584 πατρ.

162 3663 169 3675 ⁴
204 3588 265 3656 βασ.
285 3589 315 3640 P.
337 3621 370 3629 -
389 3593 421 3640 21
443 3586 598 3656 ἀσελγείαις
615 3589 665 3642 καλ
683 3587 866 3660 αίμοθυσίαις
883 3590 932 3644 καὶ
950 3590 1026 3660 δατμ.
1045 3589 1131 3644 ἐπικλ.
1147 3587 1176 3644 Ρ.
1276 3657 1277 3713 ρ
