2617 3909
528 238 719 289 XPONIKON
1067 236 1132 301 487

117 385 327 464 κελευσάμενοι
359 383 613 464 μετακαλέσασθαί
642 402 688 465 σε,
721 378 744 446 ὦ
777 386 941 465 Σίλβεστρε.
997 384 1047 446 καί
1078 394 1136 446 νύν

119 482 219 557 δεῖξόν
242 506 293 563 μοι
315 483 370 562 τήν
392 483 493 564 πηγήν
515 481 555 562 ἣν
577 483 704 562 ἔφησαν,
728 476 768 543 δι’
789 475 826 561 ής
848 491 940 567 ψυχήἸ
954 481 1005 543 καί
1024 483 1136 561 σώματι

119 580 306 660 σωθήσομαι.
352 580 402 643 καλ
429 580 445 644 δ
474 581 632 654 ἐπίσκοπος
659 580 765 642 αὐτίκα
794 581 959 663 προστάξας
985 580 1136 659 κολυμβή-

120 684 202 761 θραν
224 679 334 753 ύδατος
356 678 495 761 γενέσθαι
518 679 652 760 έβάπτισε
675 677 877 760 τὸνβασιλέα,
899 677 949 739 καί
969 679 1136 760 παραυτίκα

121 775 247 856 ἐξῆλθεν
269 776 303 839 έκ
325 787 377 858 τῆς
404 777 617 860 κολυμβήθρας
639 775 727 859 ὑγιὴς
755 776 923 838 καταλιπὼν
946 776 981 837 τὰ
1003 785 1056 838 τού
1079 775 1136 836 σά·
1164 797 1176 838 ο

121 897 214 955 ματος
236 875 386 956 τραύματα
409 874 441 937 έν
464 882 503 960 τῷ
523 876 609 937 ύδατι
632 874 769 958 καθάπερ
792 875 912 948 λεπίδας
935 874 1059 955 ἰχθύων.
1101 870 1137 935 δν

120 970 141 1052 ή
162 973 324 1054 σύγκλητος
343 974 449 1036 ἰδοῦσα
466 973 516 1034 καλ
534 984 592 1046 πᾶς
611 971 627 1035 ό
646 973 741 1053 δῆμος
758 970 946 1053 ἀπολαβόντα
962 971 1017 1051 τήν
1036 971 1138 1054 ὑγείαν

120 1071 284 1151 ἐξεβόησαν
311 1070 454 1153 λέγοντες·
483 1065 524 1145 είς
552 1070 624 1144 θεὸς
649 1069 665 1132 δ
689 1081 748 1132 τῶν
775 1082 949 1154 χριστιανῶν
977 1070 1066 1153 μέγας
1087 1071 1137 1133 καί

122 1168 263 1250 φοβερός,
285 1168 335 1230 καί
358 1170 466 1242 πάντες
488 1168 547 1232 ἀπὸ
571 1178 623 1230 τοῦ
646 1178 704 1230 νῦν
726 1170 901 1249 πιστεύομεν
918 1170 961 1242 είς
978 1169 1070 1231 αὐτὸν
1087 1170 1138 1231 καὶ

121 1266 340 1347 βαπτιζόμεθα,
364 1267 408 1328 ότι
430 1268 548 1346 εἴδομεν
570 1265 700 1347 σήμερον
724 1267 832 1348 μεγάλα
854 1268 1019 1346 θαυμάσια.
1063 1267 1138 1348 πρός
1152 1287 1178 1327 ιο
1191 1287 1268 1328 sun.

122 1365 178 1437 ούς
206 1382 300 1443 φησιν
323 1362 339 1427 ὅ
367 1365 515 1445 βασιλεύς·
544 1363 580 1424 τὰ
607 1361 661 1442 μέν
687 1362 867 1445 ἀνθρώπινα
892 1363 1075 1446 ἀναγκαστά,
1102 1364 1138 1425 τά

123 1459 157 1523 δὲ
180 1468 249 1524 θεῖα
276 1461 464 1544 προαιρετικὸν
486 1462 629 1543 τυγχάνει.
676 1459 692 1523 ό
716 1460 815 1541 μέντοι
841 1462 913 1536 θεός
941 1460 1042 1547 ἀγαθή
1065 1484 1138 1543 κρο-

126 1558 236 1642 αιρέσει
266 1560 317 1622 καὶ
349 1558 481 1622 διαθέσει
512 1559 715 1641 θρησκεύεται.
766 1560 840 1623 όθεν
867 1559 923 1621 ούκ
949 1559 979 1633 έξ
1007 1558 1139 1642 ἀνάγκης

123 1656 198 1719 ἀλλά
220 1659 312 1740 κρίσει
335 1657 504 1739 ἐλευθερίας
522 1657 694 1737 βουλόμεθα
712 1659 849 1738 γίνεσθαι
867 1657 1052 1740 χριστιανοὺς
1069 1657 1139 1730 τοὺς

124 1755 268 1830 θέλοντας
299 1754 349 1817 καί
381 1754 421 1836 μή
455 1755 540 1839 φόβῳ
572 1754 755 1840 ἀνθρωπίνῳ
785 1757 986 1837 προσάγεσθαι
1018 1765 1054 1840 τῇ
1086 1764 1139 1817 τοῦ
1153 1776 1178 1818 ιι

124 1859 201 1915 θεού
221 1854 344 1937 λατρείμ.
380 1852 429 1914 καὶ
448 1863 539 1914 ταῦτα
557 1854 664 1926 πάντες
682 1851 861 1927 ἀκούσαντες
878 1853 952 1936 πρὸς
968 1853 1023 1933 τήν
1042 1855 1139 1914 πίστιν

124 1950 248 2012 καὶτὸν
272 1950 363 2012 αὐτὸν
393 1951 493 2013 πόθον
515 1951 694 2030 έξήφθησαν
718 1956 827 2030 μᾶλλον
850 1949 1063 2030 ἀποδεξάμενοι
1085 1949 1140 2029 τήν

126 2058 180 2110 τοῦ
207 2047 348 2130 βασιλέως
376 2048 425 2110 καὶ
453 2058 506 2110 τοῦ
529 2049 674 2133 δόγματος
696 2047 862 2110 ἐπιείκειαν.
908 2047 1013 2109 αὐτίκα
1037 2046 1140 2109 δὲκαὶ

126 2145 145 2226 ή
171 2147 267 2226 μήτηρ
284 2141 391 2226 Ἑλένη
415 2148 582 2226 βαπτίζεται
609 2145 659 2207 καὶ
682 2147 715 2207 οί
738 2146 845 2207 τούτου
867 2151 1017 2227 συγγενεῖς
1038 2167 1068 2206 τε
1090 2143 1140 2205 καί

128 2246 219 2323 φίλοι.
1154 2263 1180 2303 εο

194 2342 282 2404 Μετά
314 2339 346 2404 δέ
375 2351 465 2403 ταῦτα
492 2340 622 2414 ἀκούσας
649 2341 685 2402 τὰ
711 2340 771 2403 ύπὸ
799 2342 972 2416 Μαξεντίου
999 2340 1141 2423 γινόμενα
1154 2362 1193 2402 εει
1208 2362 1239 2400 τι.

125 2440 159 2502 ἕν
186 2436 282 2525 Ῥώμη
313 2441 423 2521 χαλεπά
451 2463 480 2501 τε
512 2439 562 2500 καὶ
593 2437 703 2519 ἀτοπα,
734 2439 801 2522 περὶ
832 2432 869 2501 ού
900 2439 951 2500 καὶ
982 2440 1141 2520 πρεσβείαν

126 2538 160 2599 ἐκ
187 2547 246 2599 τῶν
263 2532 414 2618 Ῥωμαίων
438 2538 595 2616 δεξάμενος
618 2536 786 2619 ἐστράτευσε
813 2533 877 2598 κατ’
901 2537 1008 2618 αὐτοῦ,
1035 2535 1140 2600 καὶτὸ
1253 2567 1262 2580 ·

127 2641 250 2714 σημεῖον
286 2643 339 2696 τοῦ
371 2643 501 2717 σταυροῦ
537 2633 569 2695 ἕν
601 2633 718 2718 ούρανςῖ
752 2635 922 2713 φυτοειδῶς
957 2633 1141 2713 θεασάμενος

144 2772 151 2784 ··
197 2820 295 2886 21-p.
308 2819 369 2881 488,
380 2819 414 2868 οἳ
427 2813 558 2883 Epitome
573 2813 639 2869 εοοΙ.
654 2816 688 2882 cf.
700 2813 805 2869 Gelasii
820 2813 949 2883 Cyziceni
958 2813 1029 2868 Hist.
1041 2813 1140 2868 concil.

128 2885 248 2940 Nicaeni
267 2887 311 2941 λιθ.
327 2885 340 2939 l
358 2903 399 2955 ογ.
415 2891 484 2941 4-6
504 2885 600 2956 Migne
618 2885 696 2940 Tom.
712 2891 755 2952 85,
771 2889 904 2954 ικοειγρ.

200 3042 216 3089 3
231 3036 402 3107 σωθήσομαι
414 3036 470 3090 ΑΜ
488 3035 643 3108 ίαθήσομαι
657 3039 687 3092 L.
704 3069 737 3077 -
752 3042 768 3089 6
782 3034 892 3098 λεπίδες
905 3036 963 3089 AR.
979 3067 1013 3077 -
1029 3041 1062 3089 10
1080 3034 1141 3091 ίδο-

127 3126 178 3178 μευ
188 3107 238 3161 BF
252 3107 356 3178 ίδωμευ
366 3106 412 3162 ΑΟ
418 3107 451 3162 N.
468 3139 501 3150 -
518 3115 549 3163 17
565 3109 665 3198 αύτδη]
680 3108 767 3162 αύτού
776 3107 820 3160 LP
835 3125 886 3163 om.
896 3107 928 3162 R.
940 3139 974 3148 -
988 3112 1021 3160 18
1036 3105 1140 3177 δόγμα·

84 3199 89 3204 ·
126 3180 187 3251 τος]
205 3180 353 3249 θαύματος
371 3178 431 3233 ER.
455 3212 491 3220 —
515 3186 556 3234 19.
568 3185 602 3234 20
622 3183 700 3249 φιλοι
717 3179 818 3234 τούτου
842 3179 891 3232 καὶ
909 3186 1051 3249 συγγενεῖς
1067 3178 1089 3232 F
1112 3196 1141 3233 τε

127 3267 179 3306 om.
194 3252 277 3306 etiam
294 3251 328 3304 N.
348 3283 383 3291 -
402 3256 435 3305 21
455 3249 590 3322 γενόμενα
608 3250 694 3305 BEV.
1133 3274 1135 3279 ·

201 3409 218 3456 4
235 3402 369 3474 γενέσθαι
387 3403 436 3456 καὶ
454 3402 503 3457 τδν
522 3401 636 3474 βασιλέα
655 3397 794 3472 βαπτίσας
816 3401 933 3470 ἐξῆλθεν
956 3401 1044 3462 εύθύς
1061 3399 1141 3470 ύγιής

127 3475 289 3529 καταλιπὼν
303 3474 332 3529 Ρ.
348 3506 383 3514 -
402 3479 418 3527 6
433 3473 535 3546 ίγθύος
546 3474 577 3528 P.
593 3505 626 3514 ·-
643 3479 658 3526 7
673 3470 854 3543 ἀπολαβόντα
868 3471 919 3541 τὴν
932 3468 1031 3541 ύγείαν
1044 3487 1095 3525 om.
1110 3470 1139 3523 P.

129 3577 174 3670 Eg
185 3550 219 3601 10
226 3543 479 3669 1ἔτι-θαυμάσια
497 3561 547 3600 ουκ.
563 3545 592 3598 Ρ.
608 3576 642 3584 -
661 3550 694 3598 16
707 3550 789 3599 τοῦτο
803 3543 833 3597 Ρ.
849 3573 883 3583 -
899 3547 931 3596 19
946 3541 1034 3612 μήτηρ
1053 3541 1141 3595 αὐτοῦ

174 3636 208 3686 νη
251 3659 256 3670 .
