2617 3909
536 251 725 303 Χεοοοεοει
1075 251 1138 316 737

124 393 194 480 παρ’
216 397 315 459 αὐτῶν
337 396 547 480 άνυπερθέτως
574 399 706 480 δοθῆναι
733 399 835 472 αὐτοῖς
863 393 932 481 παρ’
954 399 1055 462 αὐτοῦ.
1101 392 1141 480 ἦν

123 495 155 558 δὲ
178 498 304 576 πλησίον
326 497 399 570 ναὸς
416 505 475 558 ’τοῦ
496 495 583 577 ἁγίου
605 498 862 578 μεγάλομάρτυρος
883 498 1049 580 Θεοδώρου.
1089 497 1139 560 καὶ

121 594 216 668 εὐθὺς
234 593 404 672 ἑτοιμότατοι
421 593 565 656 εἰσελθὼν
584 593 600 656 δ
619 595 770 674 βάναυσος
784 594 874 656 Λέων
896 594 946 656 καί
965 595 1140 679 περικρατης

121 693 279 774 γενόμενος
302 701 361 754 τῶν
384 694 471 772 ίερῶν
497 691 665 774 καγκέλλων
692 702 745 754 τοῦ
767 694 985 774 θυσιαστηρίου
1013 692 1140 756 δέδωκεν

64 822 71 839 ·
120 790 267 872 ἐγγυητὴν
299 789 351 850 τὸν
383 791 626 872 μεγαλομάρτυρα
659 799 712 852 τοῦ
740 795 886 872 Χριστοῦ,
919 791 1051 853 ἑστώτων
1082 801 1141 852 τῶν
1168 812 1180 853 5

117 883 272 950 Ἰουδαίων
290 887 323 949 ἕν
342 893 403 960 τοῖς
420 893 536 949 πυλῶσι
554 897 608 948 τοῦ
625 898 703 950 ναοῦ
726 888 776 950 καλ
795 887 961 970 δεχομένων
979 889 1031 950 τὸν
1050 890 1141 972 δρκον

119 981 190 1070 παρ’
213 986 314 1048 αὐτοῦ.
361 984 412 1046 καὶ
435 978 528 1058 αὖθις
551 984 638 1070 ᾤχετο
661 985 781 1060 ἕκαστος
808 988 850 1060 εἰς
872 987 908 1048 τδι
931 988 1000 1048 ἴδια.
1046 979 1085 1068 ἦν
1108 987 1141 1050 δέ

120 1108 164 1159 τις
183 1093 242 1145 τῶν
260 1082 444 1145 ἀνατολικῶν
465 1085 641 1166 στρατηγίας
665 1085 720 1164 τὴν
739 1081 900 1166 ἡγεμονίαν
918 1084 1066 1166 περιέπων
1084 1108 1140 1146 πα-

119 1184 230 1265 τρίκιος
256 1179 387 1261 τοόνομα
415 1184 570 1255 Σισίννιος
599 1183 817 1264 στρατολογίαις
846 1182 902 1262 τὴν
929 1184 1027 1263 χώραν
1058 1205 1139 1264 περι-

121 1281 264 1342 πολεόων.
311 1279 343 1340 έν
367 1274 412 1352 οἷς
433 1279 484 1341 καλ
507 1278 597 1341 Λέων
620 1279 636 1341 ὁ
660 1280 810 1360 βάναυσος
839 1279 1085 1362 στρατολογηθεὶς
1107 1281 1139 1342 έν
1154 1302 1180 1342 ιο

76 1367 79 1370 ’
120 1376 208 1462 ὀλίγῳ
227 1377 322 1464 χρόνῳ
346 1378 389 1451 είς
405 1377 563 1460 προκοπὴν
587 1378 717 1458 μεγάλην
740 1375 947 1458 ἀναβιβάζεται
965 1384 1142 1462 σπαθαρικῷ

120 1476 264 1556 ἀξιώματι
286 1474 502 1557 προχειρισθεὶς
525 1475 585 1538 δπδ
608 1485 662 1537 τοῦ
685 1475 778 1536 αὐτοῦ
800 1475 942 1556 βασιλέως
968 1477 1138 1538 Θεοδοσίου.

118 1573 169 1635 καλ
191 1572 240 1653 δι)
270 1569 323 1634 ὑπ’
353 1573 447 1635 αὐτοῦ
479 1574 521 1647 είς
556 1573 591 1634 τά
623 1571 743 1655 έσπέρια
775 1572 847 1654 μέρη
881 1573 1064 1654 ἐκπεμφθείς
1097 1574 1139 1648 είς

120 1672 303 1750 Καμπανίαν
325 1671 376 1733 καί
396 1667 552 1751 Ἀμάλφην
579 1670 629 1732 καὶ
652 1672 817 1751 Νεάπολιν,
839 1680 1002 1752 τηνικαῦτα
1024 1673 1137 1753 βαρβα-

120 1770 280 1850 ρισάντων,
308 1769 482 1851 καταλαβὼν
505 1767 537 1830 δὲ
560 1768 597 1829 τά
619 1769 709 1831 ἐκεῖσε
733 1769 765 1831 έν
789 1771 984 1852 πλωτηρσίοις
1007 1770 1138 1851 δρόμωσι
1152 1791 1178 1832 15

119 1869 171 1930 τὸν
193 1866 326 1949 ἀριθμὸν
349 1866 399 1950 ρκ’
422 1868 472 1929 καί
499 1867 709 1952 τροπαιοφόρρο
735 1869 806 1952 νίκη
834 1867 889 1947 τὴν
914 1867 1038 1949 εἰρήνην
1065 1869 1138 1949 βρα-
1152 1891 1192 1931 631
1206 1887 1239 1932 Μ.

117 1966 227 2045 βεόσας
249 1967 466 2047 καταλαμβάνει
486 1966 522 2026 τὰ
540 1966 683 2046 βασίλεια,
706 1963 757 2025 καλ
780 1957 872 2037 αὖθις
894 1963 953 2026 δπὸ
973 1973 1032 2025 τῶν
1051 1983 1137 2046 στρα-

117 2073 230 2125 τιωτῶν
256 2062 466 2146 ἀναγορεύεται
494 2064 639 2144 βασιλεύς.
685 2062 735 2124 καλ
758 2064 795 2143 δὴ
823 2064 982 2136 Θεοδόσιος
1006 2059 1021 2123 δ
1044 2063 1137 2146 πραό-

117 2183 204 2232 τατος
225 2161 363 2240 βασιλεὺς
385 2163 563 2244 προῦπαντᾷ
586 2160 735 2244 αὐτῷκαὶ
757 2159 831 2242 ἀρας
854 2162 886 2222 τὸ
905 2159 1012 2239 στέφος
1035 2161 1138 2242 ἕκτης

118 2258 225 2319 ἑαυτοῦ
252 2263 384 2338 κεφαλῆς
410 2260 580 2342 περιτίθησι
602 2263 642 2333 τῷ
661 2256 780 2319 Λέοντι.
826 2258 1004 2340 περιβοήτου
1032 2257 1064 2319 δὲ
1087 2253 1134 2320 ἐπ’
1151 2282 1178 2321 ιο

119 2353 282 2435 εὐφημίαις
304 2356 467 2438 γενομένου
493 2365 546 2417 τοῦ
569 2354 715 2435 Λέοντος,
744 2356 811 2417 ίδοδι
839 2358 871 2418 ολ
892 2356 1044 2437 φαρμακολ
1063 2350 1137 2418 Ἰου-

118 2456 198 2515 δαῖοι
219 2456 357 2536 δρομαῑοι
383 2456 608 2517 είσελαόνουσιν
630 2455 672 2528 είς
695 2454 730 2515 τὰ
752 2455 894 2535 βασίλεια,
919 2449 980 2516 εἶτα
1002 2454 1061 2516 ὑπὸ
1084 2465 1137 2516 τοῦ

117 2550 189 2613 νέου
220 2549 346 2627 ἀνακτος
374 2552 635 2634 δεξιολαβηθέντες
666 2551 722 2631 τὴν
749 2549 874 2632 ὀφειλὴν
904 2551 1137 2615 ἀποτιννάουσιν

116 2648 318 2730 ἀσυγχώρητα.
364 2659 417 2712 τοῦ
441 2649 473 2712 δὲ
495 2649 618 2730 ἑτοίμως
644 2650 756 2730 ταύτην
784 2649 1034 2733 ἐπαγγελλομένου
1060 2649 1135 2712 ἀπο-

117 2746 250 2826 διδόναι,
278 2746 489 2832 ἀποκριθέντες
512 2743 597 2809 είπον
625 2749 658 2810 οί
677 2749 833 2830 θεομάχοι·
862 2758 947 2810 τοῦτο
971 2749 1136 2827 αἰτούμεθα
1150 2771 1176 2812 τε

190 2994 207 3041 4
221 2987 394 3059 καγκέλωνΙδ
408 2990 596 3061 καγγέλλωνΒ
612 2989 755 3061 καγγίλων
767 3007 838 3044 rece.
853 2989 1032 3060 pleriqueae-
1049 2997 1065 3044 8
1078 2993 1133 3063 τις]

117 3060 237 3129 spemn
251 3060 364 3116 etDm.
378 3065 499 3125 λουτις
512 3079 579 3118 corr
598 3082 641 3124 τις
654 3079 705 3117 ουι
721 3063 803 3116 Α.-
823 3068 838 3116 9
859 3059 977 3126 σισίνιος
991 3061 1011 3117 C
1025 3069 1132 3117 atroce

117 3131 292 3201 quidamae-
312 3138 344 3185 12
364 3151 419 3200 προ
438 3134 574 3202 ειρισθελς
587 3133 696 3202 ABEp.
716 3135 845 3222 τιμηθείς
860 3133 975 3188 τελλ-
995 3140 1028 3188 14
1047 3135 1134 3202 ἀμάλ-

117 3223 169 3294 φιν
183 3207 208 3256 Α
227 3201 386 3272 (ἀμαλφίαν
422 3206 519 3274 p..-—)
540 3212 572 3259 15
590 3202 775 3274 πλωτηρσίοις
788 3207 874 3275 (πλοτ
890 3205 923 3275 Β)
937 3206 986 3259 ΑΒ
1001 3207 1133 3275 (πλωτορ-

119 3271 190 3338 σίοις
207 3275 270 3346 Ep.)
292 3278 431 3364 πλωτῆρσι
449 3275 568 3330 rell.-
594 3282 627 3330 16
647 3274 847 3366 τροπαιρφόρω
871 3276 1040 3347 (τροφαιοφό
1063 3293 1133 3332 ουτο-

113 3347 218 3413 pendio
240 3363 290 3401 ειν.
310 3346 344 3414 Β)
335 3343 432 3416 )νίκη
455 3347 506 3417 τὴν
526 3347 574 3400 ΑΒ
602 3345 814 3416 τροπαιοφόρον
837 3348 983 3418 νικητικὴν
1007 3349 1133 3418 (νικητὴν

119 3414 180 3487 ΟΒ)
198 3416 258 3472 rell.
283 3417 504 3487 (τροπαιοφόρον
522 3415 604 3487 νίκην
618 3417 738 3488 Ep.).-
759 3424 791 3472 17
807 3413 905 3490 αὖθις]
925 3421 1012 3480 εὐθὺς
1029 3419 1080 3487 Ep.
1096 3449 1131 3458 -

119 3491 152 3540 19
166 3494 352 3576 προσυπαντᾷ
368 3488 416 3542 ΟΕ
430 3496 539 3544 ειτοοο.
548 3489 758 3558 ηοὶδοω(το11.;
773 3509 794 3543 π
796 3489 1025 3558 ροσυιιαυτήσας)
1045 3505 1131 3557 προσ-

117 3578 232 3633 απαντρι
218 3559 335 3614 ’.Ν-
353 3566 388 3613 20
408 3560 537 3652 ἑαυτοῦ]
541 3561 629 3615 αὐτοῦ
647 3559 758 3614 Bc-
779 3567 811 3615 21
831 3560 976 3631 φαρμάκου
994 3558 1078 3615 ACD.
1099 3589 1131 3599 —

118 3635 153 3682 24
171 3615 285 3685 διδόναι
303 3631 438 3701 BEp.-
459 3638 492 3686 25
511 3631 539 3686 οἱ
557 3632 696 3702 θεομάχοι
714 3627 794 3688 είιτον
814 3633 923 3686 AB.——
943 3628 1026 3687 εἶπαν
1045 3629 1131 3684 ODE.

918 3721 972 3774 47*
