2617 3909
190 219 255 285 τινες
499 221 886 273 Γωοεηοοιιουικοο

189 368 283 451 άγίων
305 369 440 451 πατέρων
461 369 517 431 ἐτει
537 379 590 448 τῆς
608 369 758 449 βασιλείας
775 369 1005 431 Κωνσταντίνου
1023 377 1076 430 τοῦ
1096 367 1205 448 πατρὸς

186 463 399 530 Ἰουστινιανοῦ
412 465 463 549 ιγ’.
495 459 533 546 ἧς
546 464 674 548 ἡγοῦντο
690 467 844 549 Θεόδωρος
857 466 907 528 καὶ
917 467 1064 548 Γεοόργιος
1077 469 1205 548 πρεσβύ-

189 589 267 648 τεροι
293 565 344 627 καί
367 559 509 644 Ἰωάννης
535 565 675 638 διάκονος
701 563 899 645 τοποτηρηταί
920 558 1095 645 Ἀγάθωνος
1121 565 1205 625 πάπα

185 660 309 744 Ῥώμης,
326 663 473 745 Γεάργιος
485 662 838 742 Κωνσταντινουπύλεως,
860 664 1019 742 Θεοφάνης
1029 659 1206 743 Ἀντιοχείας

164 758 244 826 τύπτ’
269 761 362 842 αὐτῆς
389 759 607 843 χειροτονηθεὶς
628 771 682 840 τῆς
705 759 837 822 συνόδου
865 759 915 822 διὰ
941 761 974 821 τὸ
997 761 1049 823 τὸν
1072 782 1205 843 προηγη-

191 861 321 938 σάμενον
338 860 502 941 Μακάρων
523 865 748 939 καθαιρεθῆναι
769 859 832 921 τότε
856 856 896 932 ὡς
913 857 1126 939 ἀπενεχθέντα
1145 865 1206 932 τοῖς

191 951 244 1017 ὑπ’
269 956 369 1018 αύτῶν
397 955 570 1038 όρθοδόξως
593 955 865 1038 δογματιζομένοις,
893 966 946 1036 τῆς
973 954 1005 1018 δὲ
1033 957 1206 1035 διοικήσεως

188 1049 407 1136 Ἀλεξανδρείας
425 1053 539 1135 Πέτρος
561 1053 700 1134 μοναχός,
722 1064 775 1133 τῆς
798 1052 830 1116 δὲ
843 1049 1054 1137 Ἱεροσολύμων
1077 1053 1094 1116 δ
1114 1056 1206 1133 δεῖνα,

193 1151 244 1213 δεδι
274 1151 307 1214 τὸ
333 1153 403 1226 τοὺς
430 1152 563 1234 θρόνους
594 1153 730 1233 χηρεύειν
758 1162 944 1234 πατριαρχῶν
975 1151 1206 1232 κατασχεθέντας

152 1276 180 1316 ιο
192 1260 354 1329 τηνικαῦτα
377 1250 435 1314 ὑπὸ
456 1260 509 1312 τοῦ
527 1255 716 1331 Σαρακηνῶν
737 1249 860 1329 ἔθνους,
882 1249 956 1310 κατδι
977 1251 1135 1331 Θεοδώρου
1156 1259 1206 1311 τοῦ

193 1358 246 1427 τῆς
262 1348 368 1430 Φαρὰν
384 1348 558 1428 ἐπισκόπου,
573 1342 849 1429 ὈνωρίουῬοόμης,
862 1348 968 1429 Κύρου
979 1341 1206 1429 Ἀλεξανδρείας,

193 1448 322 1528 Σεργίου
344 1469 373 1508 τε
400 1445 451 1507 καί
474 1447 582 1527 Πύρου
608 1445 659 1506 καὶ
682 1445 807 1506 Παύλου
834 1444 885 1506 καὶ
907 1443 1024 1527 Πέτρου
1047 1449 1206 1508 Κωνσταν-

194 1545 391 1617 τινουπόλεως
404 1544 569 1625 γεγονότων
585 1543 765 1622 ἐπισκόπων,
786 1542 827 1604 ἐτι
846 1541 878 1604 δέ
897 1542 947 1604 καὶ
965 1542 1039 1604 κατὰ
1057 1553 1118 1605 τῶν
1136 1543 1207 1605 άνα-
1287 1593 1288 1614 2

195 1642 390 1703 καινισάντων
414 1641 468 1721 τὴν
491 1642 604 1721 αἵρεσιν
625 1642 739 1703 τούτων
766 1640 799 1702 ἐν
821 1641 913 1725 ταύτη
938 1650 973 1725 τῇ
997 1639 1068 1726 διγίρι
1090 1643 1207 1726 συνόδῳ

156 1764 181 1806 1⁵
196 1739 360 1820 αἰρετικῶν,
378 1735 457 1800 τοῦτ’
474 1739 534 1800 ἐστι
547 1740 712 1822 Μακαρίου
730 1747 783 1800 τοῦ
802 1736 1023 1818 ὀνομασθέντος
1033 1733 1208 1821 Ἀντιοχείας

196 1834 354 1918 προέδρου,
377 1837 537 1915 Στεφάνου
559 1848 612 1899 τοῦ
630 1837 738 1898 τούτου
756 1843 906 1917 μαθητοῦ,
930 1837 971 1898 έτι
989 1835 1021 1900 δὲ
1039 1837 1090 1898 καὶ
1110 1841 1207 1899 Πολυ-
1288 1843 1289 1848 ’

195 1936 317 2016 χρονίου
339 1944 392 1996 τοῦ
410 1934 615 2018 νηπιύφρονος
637 1935 774 2016 γέροντος
796 1935 942 2016 λεγόντων
959 1937 996 1996 έν
1019 1934 1139 2015 θέλημα
1161 1935 1209 1997 καί

196 2034 267 2112 μίαν
295 2032 442 2114 ἐνέργειαν
470 2032 519 2094 ἐπὶ
545 2042 598 2094 τοῦ
626 2043 757 2114 σωτῆρος
784 2029 870 2110 ἡμῶν
893 2036 1024 2114 Χριστοῦ
1051 2033 1102 2094 καὶ
1125 2039 1209 2095 θεοῦ.
1289 2053 1290 2078 ι

196 2129 249 2205 οὓς
269 2130 511 2211 άναθεματίσασα
533 2131 701 2210 ἐξεφάνησε
724 2131 779 2192 δύο
802 2130 955 2210 θελήματα
978 2131 1091 2209 φυσικά
1114 2130 1209 2213 ἤγουν

156 2255 183 2295 εο
196 2230 332 2308 θελήσεις
349 2228 400 2290 καί
419 2230 473 2291 δύο
493 2227 623 2309 φυσικὰς
645 2228 790 2310 ἐνεργείας
809 2226 856 2288 ἐπὶ
874 2237 927 2288 τοῦ
947 2227 1013 2302 ἑνὸς
1031 2230 1209 2290 δείκνυσθαι

196 2331 326 2409 Χριστοῦ
348 2337 401 2389 τοῦ
424 2333 500 2388 θεοῦ
522 2323 616 2406 ἡμῶν.

260 2418 411 2498 Ὡσαύτως
442 2424 493 2486 καὶ
519 2423 586 2505 περὶ
612 2433 672 2485 τῶν
700 2425 787 2505 ἱερῶν
814 2433 866 2502 τῆς
894 2427 1024 2505 Χριστοῦ
1054 2433 1108 2485 τοῦ
1135 2429 1211 2485 θεοῦ

196 2520 283 2602 ἡμῶν
314 2523 486 2601 οἰκονομίας
518 2522 676 2602 συμβόλων
707 2520 823 2594 ἐξέθετο
855 2521 960 2593 οὕτως·
999 2520 1031 2582 έν
1062 2538 1121 2582 τισι
1152 2531 1212 2583 τῶν

198 2629 311 2683 σεπιῶν
341 2620 466 2682 εἰκόνων
497 2625 627 2701 γραφαῖς
658 2618 752 2697 άμνδς
788 2619 921 2702 δακτύλῳ
953 2627 1006 2680 τοῦ
1037 2619 1211 2701 προδρόμου

196 2743 411 2750 -α--η-

264 2764 427 2865 Ι10-18οέ.
447 2798 601 2868 Nicephori
624 2799 699 2855 Patr.
723 2800 812 2868 Epist.
837 2799 873 2852 ad
892 2799 1013 2853 Leonem
1035 2797 1075 2851 III
1096 2816 1211 2869 papam.

197 2871 295 2940 Migne
308 2869 528 2938 Tom.100,193.
543 2903 578 2912 -
596 2877 703 2940 22—1),
720 2877 780 2938 727,
789 2877 821 2926 15
836 2869 955 2924 Concilii
969 2869 1047 2924 Sexti
1061 2887 1152 2925 canon
1170 2877 1212 2925 82.

197 2942 291 2997 Manui
308 2940 386 2995 Tom.
400 2941 446 3009 XI,
462 2947 521 2995 977.

270 3107 286 3155 2
305 3100 347 3170 ιγ’
365 3118 415 3157 σοι.
434 3102 469 3156 N.
493 3133 527 3142 —
552 3107 567 3155 5
591 3102 624 3156 τὸ
645 3120 696 3158 om.
715 3102 799 3156 ARV.
823 3133 857 3142 —
881 3107 897 3156 8
916 3099 1140 3173 κατασχεθέντος
1162 3101 1214 3155 RV

199 3171 429 3244 κατασχεθέντων
448 3174 478 3227 L.
497 3205 533 3213 —
552 3180 584 3228 11
604 3173 767 3242 δνωρίουΕ
792 3170 906 3242 ύνορίου
924 3190 994 3228 rece.
1010 3173 1127 3242 quidam
1150 3172 1214 3228 δνο-

200 3242 262 3310 ρίου
280 3244 310 3297 Μ
332 3242 446 3313 ονορίου
463 3246 523 3299 είκο
539 3246 606 3314 spir.
621 3246 654 3298 A.
673 3277 706 3284 —
726 3251 759 3298 12
777 3245 887 3313 πύρροο
906 3245 928 3298 Ε
947 3252 973 3299 εἰ
989 3259 1059 3298 rece.
1074 3244 1214 3298 nonnulli.

199 3316 509 3370 -13καίοοιΜΒ,
532 3347 566 3356 -
590 3316 663 3370 κατὰ
681 3333 730 3370 σοι.
750 3315 781 3370 Β.
800 3349 835 3356 -
860 3321 893 3370 14
912 3317 942 3371 έν
960 3315 1060 3388 ταύτη]
1085 3316 1214 3371 ἐνταῦθα

200 3385 258 3441 RV.
274 3417 308 3426 -
333 3392 366 3440 16
383 3387 485 3441 τούτου
506 3395 557 3440 τοῦ
575 3390 645 3454 μαθ.
665 3385 689 3438 D
712 3395 814 3440 τοῦτου
832 3387 940 3456 μαθ.Α
962 3395 1012 3441 τοῦ
1030 3390 1099 3456 μαθ.
1115 3386 1146 3440 Μ
1162 3395 1215 3441 τοῦ

201 3458 288 3511 αύτοῦ
302 3460 371 3526 μαθ.
381 3457 407 3510 R
420 3465 470 3510 τοῦ
484 3460 554 3524 μαθ.
565 3457 652 3511 αὐτοῦ
666 3457 697 3510 Β.
706 3488 739 3497 --
756 3463 789 3510 18
804 3458 884 3527 ἰησοῦ
898 3466 1010 3530 χριστοῦ
1020 3456 1156 3512 BGELM
1162 3457 1215 3512 RV

200 3527 282 3595 ἰησοῦ
295 3545 346 3582 om.
360 3527 411 3580 AD
420 3527 482 3580 Nic.
497 3557 532 3566 -
548 3531 584 3579 κθ
598 3523 766 3582 δείκνυσθαι
775 3536 839 3596 post
851 3528 930 3599 ἡμῶν
943 3531 995 3584 ι’κε.
1011 3528 1091 3583 codd.
1102 3536 1217 3598 praeter

201 3598 258 3649 AB.
271 3629 311 3662 ,-
331 3604 364 3651 22
383 3604 434 3665 τῆς
451 3594 568 3659 πίστεως
585 3605 697 3667 χριστοῦ
717 3597 745 3651 0.
765 3630 799 3638 -
824 3605 857 3653 23
876 3598 1039 3669 οἰκονομίας
1056 3616 1106 3655 om.
1127 3599 1215 3654 GRV.
