2617 3909
532 235 738 286 XPONIKON'
820 225 830 238 ³
1073 233 1138 299 723

126 383 171 443 ὅτι
194 383 318 464 σταυρὸς
341 381 357 445 δ
380 382 507 465 Χριστός
529 382 622 462 ἐστιν,
650 383 687 444 οὐ
714 381 769 465 χρὴ
796 380 828 444 δὲ
850 389 1084 463 προσκυνεῖσθαι
1106 380 1139 446 τὸ

10 536 13 557 f
127 481 216 554 ξύλον
234 478 275 554 ἀς
291 480 496 562 κατηραμένον
515 479 652 562 όργανον.
688 480 758 554 τοὺς
776 479 809 542 δὲ
827 481 983 562 προφήτας
1003 480 1053 542 καί
1070 481 1141 555 τοὺς

126 578 250 652 λοιποὺς
271 576 378 660 ἀγίους,
397 578 625 659 ἀποβάλλονται,
648 577 690 640 ἔτι
714 577 746 640 δὲ
767 578 817 640 καί
841 579 892 641 τὸν
915 579 1001 660 ἀγιον
1025 577 1140 659 Πέτρον

126 675 179 737 τὸν
202 675 293 757 μέγαν
315 676 579 759 πρωτοσπόστολον
606 674 699 738 πλέον
724 677 844 738 πάντων
870 676 921 737 καὶ
949 678 1141 757 δυσφημοῦσα

126 773 177 835 καλ
209 773 458 856 ἀποστρέφονται,
489 775 520 848 ἐξ
548 774 647 836 αὐτῶν
679 772 793 853 μηδένα
819 773 886 835 τινά
914 773 947 835 ἕν
974 773 1053 857 μέρει
1082 783 1141 836 τῶν
1168 795 1181 839 σ

127 871 301 950 σωζομένων
324 866 400 934 εἶναι
422 871 570 953 λέγοντες,
596 871 764 949 καθολικὴν
790 871 948 950 ἐκκλησίαν
971 871 1006 932 τὰ
1028 871 1143 933 ἑαυτῶν
1245 905 1249 916 ·

126 968 267 1051 συνέδρια
289 970 364 1052 πρὸς
386 967 465 1049 ἡμᾶς
487 968 520 1031 ἐν
542 978 578 1054 τῇ
599 968 760 1053 ἀλληγορία
782 968 881 1030 αὐτῶν
904 967 1045 1050 λέγοντες,
1068 969 1141 1051 πρὸς

126 1066 251 1140 ἑαυτοὺς
273 1067 329 1149 γάρ
351 1067 459 1129 ἐκεῖνοι
482 1067 646 1149 προσευχὰς
668 1066 742 1128 αότά
765 1066 914 1148 λέγουσιν,
938 1068 1088 1147 βάπτισμα
1110 1065 1142 1128 δὲ

126 1165 162 1225 τὰ
180 1166 297 1246 βήματα
319 1175 372 1227 τοῦ
395 1165 577 1246 εὐαγγελίου,
599 1165 703 1238 καθώς
721 1183 816 1244 φησιν
835 1162 851 1225 δ
868 1165 984 1246 κύριος·
1007 1164 1064 1247 ἐγώ
1082 1165 1143 1244 εἰμι

126 1264 160 1324 τὸ
182 1263 264 1344 ὕδωρ
288 1262 320 1323 τὸ
343 1265 409 1336 ζῶν.
1156 1282 1184 1322 1⁰

198 1364 297 1421 Ταῦτα
319 1362 415 1422 πάντα
436 1359 488 1422 καὶ
508 1361 598 1420 πλείω
620 1361 743 1440 τούτων,
767 1359 813 1421 ὅτε
836 1366 1032 1441 φωραθῶσιν,
1054 1359 1143 1440 ἀλλη-

126 1466 278 1539 γοροῦσιν.
322 1456 395 1519 ἀλλά
417 1458 471 1540 χρὴ
494 1467 643 1538 νουνεχῶς
670 1456 720 1518 καί
747 1456 947 1538 διωρισμένως
974 1459 1074 1531 αὐτοῖς
1101 1459 1143 1532 εἰς

128 1555 227 1616 πάντα
245 1554 440 1636 διαλέγεσθαι.
472 1554 523 1616 καί
536 1553 592 1638 γὰρ
608 1554 659 1616 καί
673 1555 705 1616 τὸ
718 1556 834 1632 ψεῦδος
847 1557 1008 1638 προχείρως
1026 1555 1143 1637 ἔχουσιν

128 1750 361 1829 διαψευδόμενοι
378 1750 429 1812 καλ
446 1749 578 1832 λέγοντες
596 1750 700 1824 καθὼς
718 1750 771 1814 ἐὰν
788 1757 1015 1834 προσταχθῶσιν
1033 1750 1053 1832 ἢ
1069 1774 1142 1834 προ·
1156 1771 1182 1812 15

127 1857 259 1929 τραπῶσι
276 1848 326 1909 καὶ
343 1847 516 1930 ἀνέγκλητοι
534 1847 617 1922 ὄντες
633 1842 704 1930 παρ’
721 1848 844 1922 ἑαυτοῖς.
882 1850 958 1911 οὕτω
972 1849 1028 1931 γάρ
1042 1850 1143 1923 αὐτοῖς

129 1945 145 2007 ὁ
168 1948 283 2026 Μάνης
305 1945 476 2028 παρέδωκεν
498 1947 555 2009 ότι·
584 1945 641 2009 οόκ
664 1947 724 2026 εἶμι
752 1946 809 2028 ἐγὼ
832 1944 1012 2028 ἀσπλαγχος,
1039 1948 1143 2025 φησίν,

200 2142 216 2189 9
235 2136 297 2190 Joh'.
312 2142 338 2203 4,
353 2142 395 2190 ιο.

202 2310 218 2356 2
232 2305 297 2365 τοὺς
311 2303 342 2359 δὲ
356 2302 504 2373 προφήτας
517 2303 619 2358 ABPV
638 2303 670 2359 δὲ
684 2320 734 2358 om.
749 2304 809 2357 rell.
826 2336 859 2344 --
879 2309 895 2357 3
911 2305 950 2359 ἔτι
964 2304 1058 2360 ‹rb-5
1073 2304 1143 2360 ἀπο-

130 2375 299 2444 στρέφονται
313 2393 337 2430 υ.
351 2381 366 2428 6
375 2381 441 2443 post
453 2373 579 2444 λέγοντες
591 2377 644 2430 τ’κε.
659 2382 685 2429 et
698 2376 757 2429 ολιά
768 2376 854 2444 μλυνο
867 2375 932 2430 αδδ.
947 2375 979 2428 D.
995 2408 1029 2416 —
1043 2381 1060 2429 4
1074 2376 1144 2448 μέγα

129 2446 181 2499 AR
204 2463 254 2501 om.
273 2445 331 2501 Bc,
354 2479 390 2487 —
411 2444 645 2514 πρωταπόστολον
669 2445 786 2500 DERV.
811 2478 845 2486 —
869 2452 885 2500 5
908 2449 957 2501 καλ
980 2447 1008 2512 ἐξ
1026 2447 1085 2506 AR.
1110 2481 1143 2488 —

130 2523 147 2570 8
166 2515 342 2589 βαπτίσματα
360 2517 422 2570 DE.
442 2549 475 2557 -
495 2522 511 2569 9
530 2515 622 2579 καδός
635 2517 661 2570 Α
682 2518 763 2572 καθά
780 2517 839 2571 RV.
860 2549 893 2558 -
913 2524 945 2572 11
964 2521 1062 2574 πλεῖον
1079 2520 1143 2574 τοό·

129 2588 223 2643 τωνΕ
240 2589 353 2643 τοότων
366 2586 470 2643 πλείων
482 2589 515 2640 Α.
531 2620 565 2628 -
585 2594 619 2642 13
633 2589 683 2642 καλ
696 2596 760 2644 ante
773 2589 805 2643 τὸ
820 2605 870 2644 om.
885 2589 975 2644 BDR.
990 2623 1026 2632 -
1046 2596 1079 2644 14
1093 2590 1143 2660 μέν

129 2678 181 2785 (χοι.
205 2659 300 2784 ΒᾹΕ-
328 2659 445 2730 μάλιστα
469 2661 500 2714 δὲ
525 2657 593 2714 ὅταν
616 2659 666 2713 BV
688 2659 805 2742 μάλιστα
830 2657 897 2715 όταν
921 2659 1002 2716 CDR
1025 2659 1141 2732 μάλισθ’

146 2752 200 2786 ταν
269 2775 274 2784 .

130 2897 251 2969 σταυρός
273 2900 346 2954 ἐστιν
365 2899 380 2954 ὁ
398 2899 510 2971 χριστὸς
531 2901 579 2954 καί
603 2901 637 2954 οὐ
661 2902 707 2954 δεῖ
727 2917 824 2968 προσκ.
844 2899 875 2954 τὸ
900 2900 922 2965 ξ.
943 2901 980 2963 ὡς
1002 2899 1144 2969 ἐπάρατον

130 2972 262 3042 ὄργανον.
296 2971 385 3026 ἔτιδὲ
403 2972 470 3033 τοὺς
486 2989 573 3040 προφ.
592 2973 641 3025 καλ
659 2971 726 3032 τοὺς
743 2969 917 3034 ἀποστόλους
935 2972 965 3026 ἐκ
983 2971 1146 3039 περιουσίας

131 3041 355 3115 ἀποβαλλόμενοι
368 3043 418 3097 καλ
431 3040 538 3112 μηδένα
550 3043 657 3097 τούτων
672 3044 810 3107 σώζεσθαι
824 3042 857 3096 τὸ
869 3041 1007 3111 παράπαν
1020 3041 1145 3114 λέγοντες

130 3117 232 3169 καθολ.
247 3113 318 3168 ἐκκλ.
333 3113 369 3167 τά
383 3113 490 3169 ἑαυτῶν
509 3112 618 3182 σννέδρ.
633 3113 900 3184 προσαγορεύουσιν,
919 3113 968 3167 καλ
982 3113 1065 3240 βάπτ.
1079 3117 1145 3178 τοὺς

131 3184 231 3256 λόγους
248 3194 299 3239 τοῦ
317 3185 411 3255 είιαγγ.
427 3185 476 3238 διὰ
493 3185 526 3240 τὸ
541 3185 682 3254 εἰρηκέναι
700 3185 750 3238 τὸν
764 3184 875 3252 κόριον
896 3185 949 3254 ἐγώ
968 3203 1023 3255 εμι
1040 3186 1072 3242 τὸ
1091 3191 1145 3252 ζῶν

130 3257 215 3324 ὕδωρ.
226 3289 260 3297 -
276 3262 307 3310 11
323 3256 372 3311 καλ
386 3255 421 3311 τά
435 3254 520 3311 πλείω
534 3256 563 3309 Ρ.
577 3289 613 3296 -
628 3253 672 3310 ὅτε
687 3258 856 3325 φοραθῶσιν
871 3253 888 3324 ἢ
902 3262 1144 3327 περιστατηθῶσιν

130 3329 220 3391 εὐθὺς
241 3329 443 3398 ἀλληγοροῦσιν
465 3329 514 3381 καλ
536 3329 677 3398 δυσσεβῶς
698 3347 728 3381 τε
750 3327 800 3380 καλ
822 3330 982 3398 θεοστυγῶς
1003 3347 1144 3398 παρορμη-

131 3400 262 3454 νεόουσιν
280 3399 308 3454 ολ
324 3398 512 3470 ἐμβρόντητοι.
541 3399 587 3452 διὸ
606 3398 642 3466 δὴ
662 3397 762 3453 λοιπδν
780 3398 832 3468 χρὴ
851 3398 880 3452 P.
896 3431 929 3439 —
951 3404 1052 3454 14-17
1072 3400 1145 3454 πάυ-

130 3490 192 3524 τοτε
211 3470 270 3539 μέν,
292 3469 485 3539 διαφερόντως
502 3470 535 3524 δὲ
553 3466 668 3538 μάλισθ’
685 3466 727 3525 ὅτ’
749 3467 785 3524 ἀν
804 3471 901 3540 βιασδ.
921 3470 959 3533 ὡς
976 3469 1145 3542 ἀνέγκλητον

150 3543 269 3609 ρώμενοι
286 3550 368 3596 τοῦτο
386 3540 459 3596 κατὰ
476 3541 529 3610 τὴν
545 3541 705 3609 παράδοσιν
724 3539 865 3611 μάυεντος.
894 3542 949 3610 ἔφη
967 3540 1021 3612 γὰρ
1040 3541 1145 3605 ἐκεῖνος

131 3564 148 3666 ἀ
166 3609 340 3683 ἀντίχριστος
359 3610 400 3668 ὅτι
419 3611 471 3667 οὔκ
489 3612 545 3682 είμι
562 3612 592 3665 Ρ.
613 3645 645 3653 -
667 3618 699 3666 17
719 3609 806 3684 φησίν
824 3629 874 3668 om,
892 3613 922 3667 P.
