2617 3909
202 243 269 307 498
518 243 705 294 σοαευιοε
722 243 905 294 mmor

201 401 311 473 ταῦρον
338 391 528 471 ἒδανάτωσα,
556 389 607 451 καὶ
629 382 717 462 οὗτος
739 391 925 471 βλασφημῶν
947 389 980 452 ἐν
1001 391 1100 472 λόγοις
1123 391 1221 472 μόνον

202 490 350 570 κομπάζει.
388 489 434 551 διὸ
458 488 497 567 δή
519 486 632 566 πρέπον
655 485 715 549 ἐστὶ
738 485 840 566 μηκέτι
861 489 1002 550 δίδοσθαι
1019 487 1100 572 αὐτῷ
1119 489 1220 569 χώραν

201 596 254 650 τοῦ
281 585 383 668 λέγειν.
417 585 445 648 ’δ
473 584 506 648 δὲ
533 586 710 666 Σίλβεστρος
738 579 833 646 εἶπεν·
860 583 1006 665 άκουσον,
1032 579 1057 646 άι
1081 580 1220 665 Ἰουδαῖε,

201 695 260 746 τῶν
283 695 344 746 σῦν
366 685 492 766 γραφῶν
514 682 564 745 καὶ
587 683 616 756 ἐξ
640 682 739 744 αὐτῶν
761 682 947 763 ἐπιστομλζου
969 683 1066 744 πάλιν.
1113 682 1220 765 γε’γρα-

175 801 282 845 ιπται·
306 784 409 864 κύριος
431 786 563 844 θανατοῖ
580 779 631 842 καλ
651 784 797 861 ζωογονεῖ.
833 782 896 842 καλ·
920 779 977 861 ἐγὼ
995 779 1149 843 ἀποκτενῶ
1167 781 1220 842 καὶ

202 884 255 959 ξῆν
278 879 407 959 ποιήσω.
452 881 555 942 τοίνυν
579 878 748 940 ἐπικάλεσαι
774 878 863 939 πάλιν
891 879 934 952 εἰς
961 877 1017 957 τήν
1039 877 1135 958 ἀκοήν
1162 889 1219 941 τοῦ

201 977 272 1058 βοὸς
299 977 393 1040 ἐκεῖνο
416 977 452 1038 τὸ,
473 975 581 1056 ὄνομα,
610 977 676 1056 καί,
702 976 731 1036 ει’
752 976 882 1057 ζήσεται,
895 976 1086 1057 γνωσόμεθα
1109 977 1219 1050 πάντες

200 1077 243 1149 εἰς
264 1076 297 1136 τὸ
321 1075 415 1156 όνομα
437 1085 522 1138 τοῦτο
546 1075 718 1153 πιστεύειν.Ι
746 1075 775 1135 εἰ
796 1073 828 1136 δὲ
851 1075 903 1154 μή,
925 1072 982 1156 ἐγὼ
999 1074 1051 1136 τὸν
1070 1075 1219 1154 δεσπότην

201 1197 259 1253 μου
278 1174 407 1255 Χριστὸν
428 1172 635 1252 ἐπικαλέσομαι
652 1170 703 1234 καὶ
720 1170 876 1250 ἀναστήσω
894 1171 993 1232 αὐτόν.
1029 1171 1080 1233 καὶ
1098 1171 1116 1234 δ
1134 1177 1220 1251 Ζαμ-

161 1294 188 1333 1⁰
201 1273 259 1353 βρή
288 1288 394 1351 φησιν·
425 1272 453 1333 εἰ
478 1280 565 1333 τοῦτο
588 1270 737 1350 ποιήσεις,
759 1268 801 1348 μδ
822 1268 879 1348 τήν
900 1269 1035 1348 κεφαλήν
1057 1279 1110 1332 τοῦ
1133 1273 1220 1350 βασι-

105 1392 144 1436 ευε
158 1391 189 1430 ιι.
204 1369 275 1444 λε’ως
298 1370 426 1442 ἅπαντες
448 1370 481 1431 ολ
497 1362 636 1430 Ἰουδαῖοι
658 1369 887 1444 καταλείψαντες
909 1367 961 1428 τδν
982 1368 1077 1447 νόμον
1098 1377 1135 1453 τῆ
1159 1379 1219 1431 τῶν

199 1477 375 1550 γριστιανῶν
393 1467 553 1549 δρησκελμ
580 1465 862 1546 προσδραμοάμεθα.
911 1464 962 1527 καὶ
988 1465 1051 1527 τότε
1078 1467 1117 1546 δή
1145 1468 1218 1527 Σίλ-

200 1569 320 1647 βεστρος
348 1565 477 1637 ἐκτείνας
507 1566 549 1639 εἰς
576 1564 628 1626 τὸν
651 1563 782 1645 οὐρανὸν
804 1562 856 1636 τὰς
878 1569 976 1643 χεῖρας
998 1561 1048 1624 καλ
1070 1563 1144 1641 μετὰ
1165 1566 1219 1626 δα-

85 1715 88 1721 2
201 1664 300 1744 πράων
329 1661 425 1742 εὐχήν»
446 1661 574 1740 πονήσας
600 1659 753 1742 καὶπρὸς
779 1661 837 1722 τὸν·
858 1669 969 1742 ταῦρον
991 1660 1132 1723 ἀπελθὼν
1154 1657 1219 1722 εἶπε

161 1782 187 1821 15
202 1757 276 1837 μετὰ
300 1769 417 1838 φωνῆς·
445 1758 502 1841 ἐγὼ
530 1758 562 1820 τδ
590 1756 686 1838 όνομά
711 1775 767 1820 σου
794 1757 843 1820 ἐπὶ
869 1759 990 1820 πάντων
1012 1759 1219 1839 ἐπικαλοῦμαι,

201 1854 327 1918 δέσποτα
345 1856 462 1938 Χριστέ,
486 1857 557 1936 μετὰ
578 1866 721 1938 κραυγῆς,
743 1857 793 1917 ἴνα
814 1856 899 1941 μάδη
918 1867 978 1930 πᾶς
996 1855 1012 1918 δ
1031 1858 1102 1930 λαὸς
1120 1850 1219 1937 οὗτος,

201 1955 245 2016 ότι
273 1955 415 2035 διαβόλου
443 1953 497 2035 μὶν
525 1953 620 2034 όνομα
647 1954 789 2033 ἐφόνευσε
816 1955 868 2017 τὸν
894 1963 1019 2036 ταῦρον,
1048 1964 1085 2040 τῆ
1108 1953 1141 2017 δὲ
1164 1965 1218 2017 τοῦ

200 2051 287 2135 ἁγίου
310 2052 360 2114 καὶ
382 2053 591 2135 φανερωτάτου
614 2069 670 2114 σου
688 2050 833 2131 όνόματος
851 2051 1000 2130 ἐπικλήσει
1017 2052 1217 2133 ἐζωοποιήθη.

200 2151 250 2213 καὶ
277 2152 441 2232 πλησιάσας
469 2159 508 2235 τῷ
531 2152 630 2237 ταάρφ
659 2148 733 2232 λε’γει
761 2149 832 2227 μετὰ
858 2159 990 2232 κραυγῆς
1013 2151 1153 2231 μεγάληςῖ
1184 2151 1217 2214 ἕν

110 2235 112 2240 ¹
161 2272 187 2311 ιο
201 2247 323 2329 ὀνόματι
343 2243 441 2330 Ἰησοῦ
464 2254 609 2330 Χριστοῦ,
639 2245 676 2309 δν
703 2248 736 2309 ολ
760 2248 929 2328 παράνομοι
948 2243 1087 2310 Ἰουδαῖοι
1113 2248 1217 2311 ἐσταά-
1297 2244 1298 2271 ³

200 2363 314 2426 ρωσαν,
341 2343 454 2407 άνάστα
480 2344 530 2406 καλ
552 2352 643 2425 στῆθι
666 2345 737 2425 μετά
759 2344 943 2425 σεμνότητος.
988 2344 1039 2408 καὶ
1060 2347 1218 2429 παρενδὺς
1296 2362 1297 2383 ¹

201 2441 217 2503 δ
240 2452 348 2524 ταῦρος
374 2442 449 2503 όλον-
471 2442 578 2504 ἑαυτὸν
600 2445 724 2522 κινήσας
751 2441 801 2503 καὶ
824 2442 970 2525 ἐγερδελς,
997 2443 1100 2506 ἔλυσεν
1123 2444 1217 2507 αὐτοῦ

273 2636 289 2684 ὅ
308 2629 328 2682 Ι.
343 2630 411 2699 Reg.
428 2636 453 2697 2,
469 2636 492 2683 6.
514 2662 546 2670 -
565 2630 678 2708 Denter.
694 2637 737 2698 32,
752 2637 794 2686 39.

273 2805 287 2853 1
307 2796 404 2872 μόνοις
418 2797 503 2853 CLM.
520 2831 552 2839 —
573 2805 589 2852 4
603 2798 757 2870 γέγραπται
775 2799 840 2870 γάρ·
861 2799 939 2855 FPV.
954 2833 988 2842 -—
1008 2805 1174 2871 όζωογονοῖ
1185 2803 1215 2856 Μ

200 2877 225 2926 et
243 2872 268 2924 A
286 2888 320 2924 m.
336 2875 352 2924 1
371 2887 438 2925 οοεν.
459 2888 493 2924 ευ
511 2873 563 2934 ζωο
582 2879 648 2925 ονετ.
674 2903 707 2911 -
731 2877 748 2926 8
766 2872 816 2927 τδυ
835 2870 973 2942 δεσπότην
993 2893 1047 2942 μου
1065 2874 1142 2927 ΑΒΡ
1165 2875 1214 2929 τὸν

201 2941 268 3012 ἐμὸν
286 2941 357 2996 θεὸν
373 2941 398 2994 Β,
416 2942 466 2996 τὸν
485 2892 622 3011 δεσπότην
641 2943 703 3012 (om.
717 2945 782 3012 μου)
801 2942 860 2996 rell.
877 2975 913 2984 -
930 2949 946 2996 9
965 2943 1072 3015 ζαμβρή
1089 2943 1145 2997 DR
1167 2950 1214 3010 ζα·

200 3012 284 3084 λοόΡ
303 3014 409 3084 {anfion
425 3012 556 3067 OEGLV
574 3010 690 3085 ζαλείΑ
704 3016 824 3085 {afflone
837 3013 895 3067 ΒΜ
913 3013 1009 3087 λαβεῖν
1022 3016 1051 3069 F.
1067 3048 1101 3055 —
1118 3021 1150 3070 13
1165 3018 1214 3072 τὸν

200 3101 250 3139 crm.
265 3083 327 3138 AM.
343 3115 378 3124 —
397 3090 430 3139 15
445 3083 513 3153 μετὰ
528 3091 625 3154 φωνῆς
638 3085 757 3155 μεγάλης
769 3085 827 3138 RV.
844 3118 877 3125 —
895 3092 928 3138 21
944 3086 1051 3141 ἀνάστα
1066 3087 1115 3142 καλ
1129 3093 1214 3156 στῆθι

201 3154 302 3224 (στήθη
312 3155 369 3226 ΑΡ)
380 3155 455 3208 ΑΒΡ
469 3155 612 3224 ἀνάστηθι
625 3157 674 3210 καλ
688 3161 772 3224 στῆθι
781 3155 807 3209 V
821 3157 963 3226 ἀνάστηθι
976 3157 1036 3212 rell.
1045 3189 1080 3198 -
1094 3164 1126 3212 21
1142 3178 1212 3226 παρ-

201 3227 290 3288 ευθδς
307 3225 438 3280 BEFGP
462 3229 550 3290 εὐθὺς
567 3227 593 3281 R
614 3228 747 3296 παρευδῦ
765 3227 825 3281 rell.

275 3410 288 3458 1
304 3405 353 3464 καὶ
366 3401 453 3473 μόνον
466 3404 496 3457 P.
508 3436 541 3445 -
557 3411 572 3458 2
588 3404 723 3460 διδόσδαι
737 3407 831 3476 χώραν
845 3407 921 3478 αὐτῷ
934 3405 1004 3474 μηδὲ
1017 3415 1067 3465 τοῦ
1079 3405 1169 3476 λέγειν
1182 3408 1210 3461 Ρ,

203 3506 235 3514 -
258 3481 289 3529 11
309 3474 336 3528 οἱ
351 3492 394 3530 om
407 3475 437 3528 P.
453 3507 485 3515 -
506 3480 540 3529 16
555 3471 636 3538 οὗτος
649 3493 700 3532 σοι.
715 3476 744 3529 P.
760 3508 793 3517 -
815 3482 846 3530 17
865 3474 907 3530 ότι
921 3479 995 3549 διαβ.
1010 3476 1060 3546 μὲν
1078 3476 1213 3546 ὀνόματος

203 3544 309 3612 ἀδήλου
328 3545 466 3612 ἐπικλήσει
484 3545 622 3616 τέθνηκεν
638 3546 778 3616 δ-ταῦρος,
796 3555 829 3618 τῆ
846 3548 878 3602 δὲ
892 3547 922 3602 P.
938 3580 970 3588 -
991 3553 1025 3602 18
1038 3547 1168 3617 ἀνέζησεν
1182 3551 1210 3603 Ρ.

203 3647 238 3656 -
256 3622 290 3669 22
311 3612 375 3671 ὅλον
394 3615 494 3672 ἑαυτὸν
513 3616 529 3670 ὁ
546 3626 650 3687 ταῦρος
667 3618 697 3672 Ρ.
1183 3652 1188 3678 .-
