2617 3909
535 249 724 299 XPONIRON
1072 246 1135 310 551

123 406 295 478 συγκροτῶν
317 397 387 469 τούς
410 395 573 476 αῖρετικούς
596 396 638 468 εἰς
655 396 710 475 τὴν
729 394 801 457 ὁδόν
823 405 883 456 τῶν
901 395 986 456 ι’δίων
1004 394 1138 477 πατέρων

123 494 285 575 έπορεύετο.
333 492 383 555 καί
414 493 469 575 γάρ
502 492 681 566 ἐπισκόπους
713 494 755 566 είς
787 493 904 574 ἐξορίαν
939 494 1052 572 έπεμψε
1088 493 1138 553 καὶ

123 590 340 675 πρεσβυτέρους
366 591 416 652 καλ
444 592 603 664 διακόνους
630 591 681 651 καὶ
709 593 870 671 μοναχούς,
903 596 1049 652 Τατιανοῦ
1076 591 1139 652 τότε

123 689 265 773 άρχοντος
291 699 343 769 τῖχς
367 684 600 772 Ἀλεξανδρείας,
632 688 681 751 ἐπλ
707 699 848 751 τοσοῦτον
879 689 951 751 ὥστε
980 691 1033 750 καί
1057 712 1140 762 τινας

124 789 167 862 είς
189 788 339 868 βασάνους
361 787 481 869 ἀγαγεῖν
508 787 557 848 καὶ
580 793 619 872 τῷ
639 786 710 866 πυρὶ
734 789 922 868 παραδοῦναι
948 785 999 848 καὶ
1021 792 1140 848 πλεῖστα
1167 804 1180 843 5

125 884 252 965 ἀθέμιτα
280 885 329 946 καί
352 883 486 964 ὠμότατοι
513 884 587 945 κατά
614 894 667 963 τῆς
689 894 743 946 τοῦ
765 891 841 946 θεοῦ
864 885 1019 965 ἐκκλησίας
1046 908 1139 966 μηχα-

125 984 285 1063 νήσασθαι.
327 992 418 1044 ταῦτα
440 983 536 1044 πάντα
559 982 629 1062 μετὰ
648 982 705 1062 την
722 982 858 1062 τελευτὴν
873 978 1057 1044 Ἀθανασίου
1081 985 1140 1044 διε-

125 1083 273 1163 πράττετο.
315 1080 412 1162 ὥσπερ
434 1080 490 1162 γὰρ
509 1082 578 1164 θείη
596 1079 654 1140 τινὶ
672 1079 818 1154 κωλυθεὶς
837 1080 924 1165 ἀρετῇ
948 1083 1043 1142 καίτοι
1066 1081 1139 1142 κατὰ
1155 1092 1195 1132 4⁵4
1208 1091 1240 1130 M·

125 1190 185 1242 τῶν
207 1177 304 1241 άλλων
327 1179 480 1260 βακχεύων
503 1176 592 1240 οὐδέν
610 1171 675 1239 κατ’
697 1178 811 1239 ἐκείνου
829 1177 964 1258 λυπηρὸν
982 1178 1140 1258 ἐτόλμησεν

126 1277 300 1360 άμαρτῖχσαι.
1154 1298 1181 1336 10

198 1377 239 1437 Οῖ
252 1375 285 1438 έν
298 1375 613 1437 Κωνσταντινουπόλει
631 1371 792 1453 όρθόδοξοι
809 1371 954 1434 ἐλεεῖσθαι
968 1375 1142 1452 νομίσαντες

127 1474 187 1536 ὐπὸ
214 1475 378 1546 Οὐάλεντος
400 1473 558 1553 πρεσβείαν
580 1471 710 1533 ἔστειλαν
737 1469 811 1552 πρὸς
835 1470 926 1533 αὐτὸν
948 1471 981 1532 ἐν
1003 1474 1141 1551 Νικομη-

127 1574 191 1657 δείγ
218 1573 399 1652 τυγχάνοντα
426 1568 595 1649 πέμψαντες
623 1567 806 1651 ἀγδοήκοντα
834 1570 997 1651 ῖερατικούς
1020 1567 1142 1652 άνδρας,

128 1663 172 1732 ὧν
193 1667 321 1752 ἡγοῦντο
348 1668 500 1749 Θεόδωρος
523 1667 572 1729 καί
598 1667 754 1748 Οὐρβανὸς
779 1666 829 1728 καὶ
852 1667 1040 1748 Μενέδημος.
1088 1666 1141 1741 οὐς

128 1771 261 1841 ἅπαντας
293 1767 350 1828 σύν
377 1765 455 1851 αὐτῷ
482 1772 521 1850 τῷ
545 1767 637 1850 πλοίῳ
664 1766 848 1846 ὐπαφθηναι
875 1765 1060 1847 προσέταξεν,
1092 1765 1142 1827 καὶ
1156 1787 1182 1826 15

129 1868 237 1939 πάντες
269 1865 325 1926 σύν
352 1873 387 1949 τῇ
415 1864 471 1943 νηὶΙ
498 1863 755 1944 κατεφλέχθησαν,
789 1863 869 1944 μέχρι
892 1865 1058 1938 Δακιδίζων
1089 1874 1142 1925 τοῦ

127 1966 235 2027 πλοίου
263 1961 471 2043 διαρκέσαντος
500 1961 615 2023 κάκεῖσε
643 1960 844 2034 διαλυθέντος.
894 1960 1013 2041 Οὐάλης
1044 1972 1143 2022 πᾶσαν

128 2063 289 2141 ἐκκλησίαν
311 2060 469 2143 πορθήσας
495 2051 548 2138 ἧκε
575 2059 625 2120 καῖ
648 2060 690 2133 εἰς
712 2060 894 2141 Καισάρειαν
916 2057 975 2121 ἀπὸ
998 2058 1144 2137 ἀνατολῆς

128 2159 203 2223 κατά
225 2160 381 2220 Βασιλείου
404 2158 590 2236 κινούμενος,
614 2158 661 2218 ὅτε
679 2157 726 2218 καὶ
746 2156 781 2217 τά
799 2157 872 2218 κατὰ
889 2156 942 2217 τόν
959 2155 1028 2218 υίὸν
1050 2156 1143 2236 αὐτοῦ

129 2256 252 2340 ἐγένετο,
276 2257 378 2328 καθώς
402 2272 495 2334 φησιν
518 2254 534 2316 δ
557 2256 701 2336 Θεολόγος
718 2254 888 2335 Γρηγόριος.
926 2252 1183 2333 Δημοσθένουςιο

129 2356 197 2429 ένδς
219 2365 279 2416 τῶν
302 2352 531 2431 ὐψοποιούντων
554 2359 593 2437 τῷ
615 2353 758 2413 Οὐάλεντι
780 2351 813 2412 ἐν
836 2361 871 2436 τῇ
893 2353 968 2432 πρὸς
993 2351 1144 2413 Οὐάλεντα

130 2455 272 2537 συντυχίᾳ
285 2451 523 2532 καταδραμόντος
537 2452 692 2512 Βασιλείου
710 2449 760 2511 καί
776 2450 1019 2530 βαρβαρίσαντος,
1038 2450 1145 2531 μικρὸν

131 2552 283 2632 μειδιάσας
309 2550 369 2629 ἐφη
397 2547 412 2610 δ
441 2548 628 2621 διδάσκαλος·
658 2548 725 2609 ι’δού
752 2547 941 2626 ἐθεασάμεθα
969 2547 1018 2609 καλ
1041 2553 1144 2628 Λημο-

128 2673 345 2684 ——-————·

205 2743 309 2792 11-17
323 2737 411 2792 Th.11.
422 2739 457 2805 cf.
468 2738 604 2792 ExoBar.
620 2737 745 2807 Theoph.
752 2755 781 2806 μ.
793 2743 835 2806 58,
844 2741 878 2790 28
892 2736 989 2805 Polyd.
996 2755 1025 2806 μ.
1034 2741 1086 2790 398
1095 2737 1143 2804 βπ.

132 2844 166 2852 -
184 2816 287 2864 17-20
302 2810 352 2864 Th.
363 2810 391 2864 L.
407 2812 441 2878 cf.
456 2810 521 2864 Exn.
537 2810 599 2864 Bar.
610 2809 735 2879 Theoph.
748 2826 777 2878 μ.
788 2815 831 2876 63,
841 2815 875 2862 20
890 2808 986 2876 Polyd.
993 2826 1023 2878 μ.
1034 2814 1144 2873 414,11.

132 2915 166 2923 -
192 2887 295 2951 κο-μ.
312 2887 407 2948 652‚1
428 2881 477 2934 Th.
495 2880 524 2934 L.
544 2882 579 2948 ef.
600 2879 689 2935 Uram.
708 2880 813 2935 Anecd.
828 2898 858 2948 μ.
875 2885 948 2947 97,4
967 2887 992 2934 et
1005 2878 1144 2932 Exc.Bar.

133 2953 258 3024 Theoph.
271 2971 299 3021 μ.
316 2958 358 3020 63,
371 2958 405 3006 24
423 2952 521 3021 Polyd.
532 2970 561 3022 μ,
578 2957 630 3006 414
639 2953 687 3019 βπ,

207 3138 220 3184 1
240 3140 299 3194 τοῖς
317 3130 467 3199 αλρετιιιοῖς
485 3131 541 3185 BV.
562 3162 595 3170 —
618 3137 649 3183 11
671 3129 699 3184 οἱ
717 3130 747 3184 ἐν
766 3149 790 3182 κ.
807 3126 887 3182 CEN
911 3126 939 3182 οί
957 3128 987 3182 έν
1005 3126 1077 3180 ιι.δὲ
1096 3127 1145 3179 BL

135 3203 162 3258 ολ
181 3203 211 3258 δέ
231 3202 261 3258 ἐν
279 3224 304 3257 κ.
319 3204 344 3257 Α
367 3203 416 3257 κοιλ
433 3202 533 3257 λοιπὸν
552 3201 579 3256 οἱ
598 3201 628 3256 ἐν
647 3222 672 3254 ιι.
687 3200 713 3254 V
732 3199 759 3254 οῖ
778 3195 830 3253 οὐν
848 3200 879 3254 ἐν
897 3198 962 3253 Exo.
978 3198 1013 3252 de
1031 3199 1094 3252 virt.
1111 3231 1146 3237 —-

136 3281 169 3328 14
188 3274 325 3346 οὐρβασος
338 3273 386 3326 ΑΒ
403 3273 541 3344 οὐρβαοὸς
553 3272 618 3326 Exn.
633 3274 668 3340 ef.
683 3272 748 3326 Not.
764 3270 801 3324 ad
815 3269 939 3340 Theoph.
951 3287 980 3340 p.
996 3276 1039 3336 58,
1054 3275 1096 3323 30.
1112 3302 1145 3308 -

134 3344 281 3415 μενέδιμος
298 3344 371 3398 Acv
380 3345 445 3398 Exc.
470 3344 620 3416 βενέδημος
642 3345 747 3411 (-διμος
764 3342 800 3410 R)
818 3341 907 3396 FMR.
928 3373 961 3380 —-
985 3347 1017 3395 16
1037 3341 1146 3396 δακιδί-

134 3421 189 3480 ζων
207 3419 317 3486 (δακηδ.
332 3416 362 3470 Μ
384 3417 480 3470 δακεδ.
499 3432 570 3470 rece.
585 3414 723 3484 plerique)
739 3412 972 3467 AGELNRExo.
996 3410 1147 3484 δακιβίζων

134 3487 185 3542 BV
194 3487 270 3542 Suid.
286 3505 309 3542 v.
323 3487 442 3557 Οὐάλης.
467 3484 586 3551 δακίζων
600 3487 630 3539 F.
646 3517 680 3526 -
696 3489 728 3537 1‘1
743 3483 846 3554 οὐάλης
860 3483 892 3538 δέ
905 3482 986 3536 BFR
1005 3482 1020 3537 ὁ
1035 3483 1067 3537 δέ
1081 3483 1147 3536 οὐά-

135 3563 185 3628 λης
201 3559 234 3612 V.
254 3591 289 3598 -
312 3563 345 3612 18
363 3559 412 3613 καλ
431 3575 481 3613 om.
496 3558 530 3612 N.
550 3589 584 3597 -
609 3562 641 3610 19
661 3556 697 3609 τά
715 3572 765 3610 om.
781 3554 872 3609 BCM.
893 3587 926 3594 -
951 3560 983 3606 21
1004 3563 1059 3608 τῶν
1079 3553 1147 3621 ὀψο-

136 3638 225 3684 ποιῶν
244 3639 294 3684 τοῦ
313 3630 461 3690 οὐάλευτος
478 3629 536 3682 RV.
557 3659 590 3668 -
610 3633 643 3680 22
664 3625 763 3697 μικρὸν
782 3643 832 3682 om.
848 3626 904 3679 FN.
