2617 3909
536 256 724 308 XPONIKON
1069 253 1136 319 435

123 414 186 465 τῶν
209 402 324 483 ἀσεβῶν
346 402 402 482 τὴν
428 403 526 485 χώραν
548 402 738 465 ἀνενεώσατο.
782 397 845 465 εἶτα
866 402 1051 484 ἐβασίλευσεν
1070 399 1136 464 ’Λν-

125 503 223 582 τίοχος
246 499 262 561 6
286 500 444 582 Εὐπάτωρ,
466 500 637 584 Δημήτριος
659 500 815 581 Σέλευκος,
834 496 1024 583 Ἀλέξανδρος
1045 500 1061 563 6
1083 511 1137 562 τοῦ

125 604 222 680 Βαλᾶ,
250 597 459 688 Δημήτριοςρ
483 600 639 681 Νικάνωρ,
664 595 826 679 Ἀντίοχος,
856 600 1000 681 Τρύφων,
1027 603 1137 660 Πτολε-

127 703 225 777 μαῖος,
246 690 392 777 ’Λντίοχος
416 695 432 758 6
451 697 584 776 Σιδίτρς,
607 698 788 779 Δημήτριος,
804 692 951 777 Ἀντίοχος
973 696 990 759 6
1008 696 1137 779 Γρυπύς,

121 792 271 875 Ἀντίοχος
300 793 315 857 6
345 794 527 875 Κυζικηνός,
557 792 703 868 Σέλευκος
732 792 748 855 6
777 804 831 856 τοῦ
860 799 997 876 Γρυποῦ,
1024 788 1073 872 ἐφ’
1100 788 1137 856 ού
1164 814 1177 854 ε

120 888 283 973 Ἀντιόχεια
305 892 365 953 ύπὸ
380 886 530 971 Ῥωμαίων
552 893 624 973 ἥλω,
647 892 697 953 καὶ
715 890 735 971 ἡ
754 893 870 973 Συρίας
891 891 966 975 ἀρχὴ
987 893 1138 970 κατελύθη

125 990 303 1072 διαρκέσασα
324 990 376 1069 ἔτη
398 987 456 1051 ον’.

196 1090 237 1150 Οί
266 1086 298 1149 δὲ
329 1097 381 1168 τῆς
409 1088 565 1169 Λάχύπτου
597 1089 820 1168 βασιλεύσαντες
851 1087 923 1167 μετὰ
946 1082 1139 1168 Ἀλέξανδρόν

123 1186 202 1249 εἰσιν
225 1186 299 1248 οἵδε·
323 1189 505 1264 Πτολεμαῖος
528 1184 544 1247 6
567 1190 684 1268 Λαχοῦ,
707 1180 755 1263 ἐφ’
777 1178 813 1247 ού
837 1184 1018 1268 Μένανδρος
1041 1183 1057 1246 6
1080 1210 1138 1247 κω-

125 1282 295 1370 μῳδοποιὸς
318 1282 484 1364 ἕχνωρίζετο
507 1281 557 1344 καλ
578 1283 767 1364 Θεόφραστος
789 1281 806 1344 6
829 1282 1005 1362 φιλόσοφος,
1027 1287 1138 1345 Πτολε·
1152 1305 1178 1343 10

125 1388 214 1462 μαῐος
237 1378 253 1442 6
280 1381 475 1460 Φιλάδελφος,
500 1374 549 1458 ἐφ’
570 1373 608 1441 06
631 1381 663 1441 οἱ
682 1377 713 1441 0'
732 1374 879 1462 Ἑβραίων
902 1379 992 1459 σοφοί
1015 1381 1066 1441 τὸν
1087 1380 1138 1442 νό-

126 1502 185 1559 μον
212 1476 417 1560 ἡρμήνενσαν,
445 1481 627 1556 Πτολεμαῖος
654 1475 671 1539 6
693 1476 874 1559 Εὐεργέτης,
901 1473 951 1556 ἐφ’
976 1471 1013 1540 ού
1041 1476 1057 1539 6
1084 1477 1140 1557 τὴν

124 1577 293 1659 πανάρετον
320 1577 430 1655 σοφίαν
459 1576 602 1649 συντάξας
619 1571 772 1658 Ἑβραίοις
791 1572 908 1654 Ἰησοῦς
930 1574 947 1639 6
969 1586 1022 1637 τοῦ
1045 1574 1139 1657 Σιράχ

125 1674 305 1757 ἕχνωρίζετο,
328 1677 510 1752 Πτολεμαῖος
533 1671 549 1733 6
574 1674 760 1756 Φιλοπάτωρ,
783 1668 832 1752 ἐφ’
854 1666 891 1736 ού
913 1683 973 1735 τῶν
992 1668 1139 1756 Ἑβραίων

125 1772 142 1834 6
166 1772 237 1846 λαδς
264 1772 446 1853 αάχμάλωτος
473 1768 576 1850 ἀχθείς
603 1770 635 1832 ἐν
658 1770 800 1855 Αἰγύπτῳ
823 1772 957 1833 τοιοῦτόν
979 1795 1007 1833 τι
1028 1771 1138 1833 πέπον-
1154 1792 1179 1832 ισ

125 1877 196 1932 θεν·
220 1870 383 1951 προστάξας
405 1868 460 1950 χάρ
483 1862 570 1941 οὗτος
592 1874 653 1941 τοῖς
676 1868 783 1930 ἑαυτοῦ
801 1868 998 1943 ὑπασπισταῖς
1015 1868 1138 1948 ἐλέφαν-

126 1992 181 2043 τας
203 1966 241 2047 φ’
263 1968 429 2050 εὐτρεπίσαι
452 1964 501 2028 καί
523 1967 647 2039 τούτους
669 1968 786 2027 ποτίσαι
809 1968 881 2051 οἴνῳ
904 1969 1067 2051 λιβανωτῷ,
1090 1968 1140 2029 ἵνα

128 2062 331 2147 μεθυσθέντες
362 2064 432 2138 τούς
456 2059 620 2138 Ἰουδαίους
649 2063 875 2144 ἀποκτείνωσιν,
902 2075 962 2126 τῶν
989 2064 1021 2126 δὲ
1048 2083 1139 2145 προσ-

126 2161 307 2242 ευξαμίνων,
331 2163 363 2223 οἱ
382 2160 537 2240 ἐλέφαντες
558 2162 600 2235 είς
622 2162 692 2233 τούς
715 2161 829 2223 ἑαυτῶν
850 2163 1026 2243 στρατιάιας
1042 2185 1072 2223 τε
1090 2160 1140 2221 καί

126 2261 244 2341 δήμους
266 2260 477 2343 ἐξορμήσαντες
503 2260 599 2320 πολὺν
621 2259 721 2319 αύτῶν
743 2257 830 2339 ὄχλον
852 2258 885 2321 ἐν
906 2268 942 2344 τῇ
965 2259 1139 2343 περιεχούσῃ
1154 2280 1180 2318 εο

127 2360 220 2443 μανία
243 2357 429 2438 διέφθειραν,
452 2356 501 2417 καί
525 2357 601 2418 ούτω
620 2357 793 2438 παραδόξως
812 2357 844 2418 οἱ
856 2350 997 2419 Ἰουδαῖοι
1015 2374 1138 2437 περισω-

124 2481 162 2491 .-

201 2542 288 2607 8—p‚
304 2543 365 2604 436,
380 2541 396 2589 8
410 2536 474 2590 Eus.
490 2535 588 2590 chron.
603 2536 623 2603 Ι,
640 2542 698 2590 170.
725 2537 759 2603 cf.
774 2537 892 2607 Niceph.
907 2538 985 2592 Brev.
997 2554 1026 2606 μ.
1042 2542 1076 2591 90
1096 2538 1139 2591 ed.

131 2610 168 2663 de
186 2609 266 2663 Βοοε,
282 2642 315 2649 -
335 2608 396 2674 9σί.
411 2607 475 2662 Rus.
491 2607 568 2662 Tom.
583 2606 617 2674 Π,
633 2613 692 2661 116,
708 2640 743 2647 -
763 2615 794 2664 11
813 2611 848 2677 ef.
863 2609 934 2676 161,
950 2614 1016 2676 1283
1030 2608 1064 2677 Π,
1080 2613 1139 2662 118.

129 2713 166 2725 -
187 2687 220 2735 12
239 2682 275 2735 ιλ).
290 2680 324 2747 Π,
339 2685 398 2733 122.
419 2710 452 2719 —
473 2684 576 2748 14-12.
592 2684 679 2747 4362
698 2679 733 2745 cf.
749 2679 848 2735 Chron.
863 2679 961 2733 Pasch.
975 2697 1005 2749 p.
1021 2685 1083 2747 332,
1099 2685 1139 2733 11.

200 2838 398 2908 ἳδημήτριος,
422 2838 549 2901 σίλευιως
567 2839 652 2893 BNV.
678 2872 711 2881 -
735 2846 752 2893 3
771 2840 842 2911 βαλά
864 2839 996 2893 ALMPV
1019 2838 1090 2910 βάλα
1109 2839 1140 2892 Β,

128 2944 163 2951 -
183 2908 311 2981 ἀντίοχος
324 2910 457 2978 τύφωνΒ
476 2906 607 2981 ἀντίοχος
620 2910 635 2965 6
649 2912 764 2979 τρύφων
777 2912 807 2964 λ’.
825 2943 859 2950 -
878 2918 895 2965 4
914 2910 1090 2979 σιδήτηςΜΡ.
1106 2941 1141 2949 -

128 2990 145 3036 ὅ
169 2981 310 3048 κυζικινύς
331 2980 459 3035 ACDFP
487 2982 596 3046 κυζινδς
614 2982 644 3035 L.
668 3014 703 3023 -
726 2988 742 3035 6
761 2982 779 3051 ἡ
798 2981 878 3037 ἀντιό
896 3002 940 3037 εια
958 2981 1082 3035 FLEud.
1107 3012 1141 3020 —-

128 3060 145 3108 9
164 3052 252 3124 λάχου
266 3052 317 3106 ΒΕ
336 3055 445 3123 λαχωοῢ
465 3051 549 3106 CDF.
570 3085 603 3093 —
623 3051 638 3106 6
658 3053 857 3123 κωμῳδοποιὸς
874 3003 951 3106 §PR
961 3052 1031 3106 Eud.
1055 3051 1070 3106 6
1090 3068 1140 3107 om.

126 3124 188 3179 rell.
207 3156 243 3165 —
269 3130 302 3178 14
320 3132 376 3178 τῶν
395 3120 516 3195 ἑβραίων
535 3123 550 3178 6
568 3124 635 3187 λαὸς
652 3122 728 3177 ΑΒΡ
751 3123 766 3177 6
785 3133 840 3178 τῶν
858 3122 978 3196 ἑβραίων
996 3123 1062 3187 λαὸς
1079 3123 1139 3177 rell.

128 3228 163 3237 --
189 3202 222 3249 18
245 3192 430 3249 ἀποκτείνωσι
452 3197 518 3256 τούς
540 3191 687 3257 ίουδαίους
708 3194 789 3249 101.
813 3227 848 3236 -
876 3201 909 3250 19
934 3196 1040 3250 ἑαυτῶν
1061 3194 1142 3247 ABR

128 3267 248 3329 ἑαυτούς
266 3266 288 3320 Ρ
311 3265 411 3319 ἑαυτοῦ
430 3265 490 3320 rell.
510 3262 613 3335 (ἰδίους
631 3265 751 3335 0111011).

201 3424 217 3471 2
242 3416 393 3485 δημήτριος
416 3416 546 3471 σελεύκου
568 3424 636 3471 reete
654 3417 684 3470 P.
708 3450 743 3457 -
767 3423 783 3470 3
802 3416 923 3486 νικάτωρ
941 3417 971 3471 P.
996 3448 1029 3457 —
1054 3421 1068 3469 7
1092 3416 1141 3468 In·

128 3496 232 3545 certum
249 3490 319 3543 σι’ΐσισ
334 3486 378 3541 ον’
393 3505 432 3542 σοι
445 3486 493 3556 ου’
508 3488 540 3541 in
552 3488 582 3541 P.
598 3520 632 3527 -
653 3493 685 3541 1⁷
705 3486 865 3557 εύτρεπίσαι
883 3489 932 3542 καί
945 3506 995 3544 om.
1010 3488 1032 3541 Ρ
1042 3486 1141 3541 chron.

129 3593 162 3601 -
178 3559 306 3630 τούτους]
321 3558 370 3620 οὓς
384 3554 440 3629 εἶχε
453 3558 476 3613 Ρ
484 3557 582 3613 Chron.
594 3592 627 3599 —
639 3564 721 3612 1118
737 3558 784 3615 ἵνα
797 3560 863 3621 τούς
877 3556 1023 3621 ίουδαίους
1034 3556 1144 3618 πάντας

131 3630 171 3688 δι’
190 3632 284 3685 αύτῶν
301 3628 431 3702 ἀπολέσῃ,
460 3639 514 3685 τῶν
533 3630 564 3684 δὲ
583 3630 715 3684 PChron.
736 3663 770 3671 -
789 3636 822 3684 21
843 3629 870 3683 ολ
888 3647 938 3685 σοι.
953 3630 983 3683 P.
