2617 3909
523 244 713 295 XPONIKON
1061 243 1125 307 431

501 404 648 468 κοψονται
670 390 776 471 αὐτόν,
800 384 824 451 ὦ
846 389 972 471 ἀδελφέ,
993 390 1063 453 ούδέ
1086 393 1126 472 μή

106 492 291 553 κλαύσονται
309 488 410 570 αύτόν,
430 490 510 568 οἴμοι
528 490 610 570 κύριε
628 488 679 550 καλ
697 490 778 569 οἴμοι
796 488 914 568 ἀδελφέ,
937 488 1010 550 άλλδι
1027 491 1127 569 ταφήν

113 588 187 651 όνον
214 588 375 667 ταφήσεται
397 586 448 649 καὶ
476 586 706 666 συμφήφισθελς
730 587 886 668 ριφήσεται
913 586 1048 649 ἐπέκεινα
1074 598 1127 669 τής

112 688 209 765 πύλης
227 678 447 767 Ἰερουσαλήμ),
475 684 545 757 τούς
573 683 604 745 δὲ
631 684 664 746 ἐν
690 684 763 747 τέλει
792 685 905 757 πάντας
927 685 1128 765 αἰχμαλώτους

110 784 213 865 λαβὼν
236 783 286 845 καὶ
308 790 369 857 τοῖς
391 783 602 861 ὑπολειφθεῖσι
624 783 831 866 χειροτονήσας
853 782 974 863 βασιλέα
988 777 1127 863 Ἰεχονίαν
1154 806 1167 845 ε

110 883 183 945 υἱὸν
201 878 351 961 Ἐλιακεέμ
373 880 486 962 ἀπῆρεν
509 880 551 953 είς
568 882 742 961 Βαβυλῶνα.
788 875 850 942 εἶτα
871 879 921 941 καί
943 889 1049 943 τοῦτον
1072 906 1127 961 μα-

109 980 182 1043 θὼν
205 980 402 1041 στασιάσαντα
425 978 495 1058 μετὰ
519 988 615 1059 μήνος
633 976 665 1060 γ’
682 980 772 1040 πάλιν
790 978 937 1060 ἐπέρχεται
954 978 1004 1040 καί
1022 988 1127 1041 τοῦτον

109 1078 245 1156 πεδήσας
270 1076 341 1157 μετὰ
363 1076 489 1150 πολλούς
512 1075 628 1158 ἑτέρους
656 1078 836 1158 δοριάλωτον
858 1076 964 1157 ἀπάγει
986 1078 1127 1157 καταστή-

111 1195 168 1248 σας
191 1168 255 1235 άντ’
277 1174 369 1236 αύτοῦ
390 1174 557 1254 βασιλεύειν
579 1183 638 1234 τῶν
660 1173 833 1236 ὑπολοίπων
851 1175 996 1238 Σεδεκίαν
1016 1176 1128 1256 πατρά-

112 1276 226 1351 δελφον
249 1272 341 1334 αὐτοῦ
364 1273 463 1354 ὅρκοις
486 1271 560 1332 κατὰ
582 1282 635 1333 τοῦ
655 1279 731 1334 θεοῦ
748 1271 886 1352 περὶτοῦ
905 1272 944 1351 μή
964 1271 1127 1353 ἀποστῆναι
1142 1296 1168 1336 ιο

111 1371 344 1450 καταδεσμήσας.
394 1369 468 1431 άλλδι
494 1370 544 1431 καὶ
571 1370 678 1433 τούτου
707 1371 896 1451 παραβάντος
925 1369 995 1442 τούς
1021 1370 1128 1451 ὅρκους

111 1466 165 1529 καὶ
198 1468 268 1546 μήτε
299 1468 351 1529 τὸν
386 1467 499 1548 δασμὸν
531 1466 700 1529 ἀποδοῦναι
731 1467 928 1548 θελήσαντος,
964 1468 1035 1548 μήτε
1068 1469 1127 1549 μὴν

113 1563 237 1627 εύνοιαν
260 1566 461 1646 φυλάξαντος,
489 1562 551 1627 ἀλλ’
573 1566 749 1647 Αἰγυπτίοις
772 1565 1012 1647 προσφυγόντος,
1035 1559 1127 1641 αύθις

111 1662 302 1744 παρεγένετο,
329 1662 379 1723 καὶ
406 1662 458 1724 τὸν
486 1661 539 1742 μὲν
562 1664 707 1726 Σεδεκίαν
734 1664 946 1744 χειρωσάμενος
972 1662 1023 1725 καὶ
1044 1663 1128 1725 ἐκτα-

113 1762 235 1839 φλάσας
262 1760 312 1822 καὶ
339 1759 394 1840 τήν
421 1759 509 1822 πόλιν
536 1760 703 1842 οιύτανδρον
731 1759 860 1840 εἰληφὼς
882 1762 918 1822 τά
944 1784 974 1823 τε
996 1764 1128 1841 βασίλεια
1142 1784 1167 1824 ισ

111 1858 164 1921 καί
190 1858 242 1920 τὸν
269 1864 355 1921 θεῖον
382 1858 457 1921 ναδν
484 1858 535 1920 καί
561 1869 660 1921 πᾶσαν
686 1859 839 1941 ἐμπρήσας
861 1859 960 1920 οίκίυιν
981 1860 1127 1939 αἰχμαλώ-

112 1979 183 2029 τους
210 1954 344 2038 άπήγαγε
371 1956 440 2031 τούς
468 1956 671 2030 διασωθέντας
697 1956 730 2018 ἐκ
756 1979 786 2018 τε
812 1967 865 2018 τοῦ
892 1962 979 2036 λιμοῦ
1001 1956 1127 2019 καὶτοῦ

111 2053 244 2134 πολέμου
266 2052 317 2114 καὶ
339 2053 374 2114 τδι
397 2053 577 2136 διαφέροντα
600 2056 690 2133 σκεύή
714 2064 766 2116 τοῦ
788 2063 865 2116 ναοῦ
887 2055 958 2135 κυρί
996 2102 1001 2112 .

184 2153 223 2213 Τὸ
247 2156 364 2232 πλῆθος
387 2154 490 2214 τοίνυν
512 2162 571 2213 τῶν
594 2161 759 2233 συμφορῶν
776 2151 875 2213 αὐτῶν
893 2150 943 2213 καί
958 2147 1042 2231 Ἰωήλ
1060 2153 1125 2231 διη-

111 2250 259 2333 γούμενος
281 2250 401 2330 πρώτην
422 2248 476 2329 μὲν
494 2250 701 2312 ἐπελεύσεσθαι
719 2250 841 2329 κάμπην
859 2247 943 2330 λέγει,
965 2248 1001 2309 τά
1019 2245 1051 2310 δέ
1069 2244 1123 2310 ὑπ’
1140 2273 1167 2311 εο

111 2348 207 2427 αύτής
230 2346 271 2426 μὴ
295 2346 501 2429 διαφθαρέντα
519 2347 578 2409 ὑπὸ
597 2346 718 2429 άκρίδος
738 2345 999 2425 άναλωθήσεσθαι,
1022 2345 1077 2407 όσα
1095 2344 1127 2407 δὲ

111 2445 226 2523 ταύτην
258 2446 446 2523 διαφεύξεται
478 2445 661 2523 δαπανήσειν
692 2445 744 2507 τὸν
773 2446 916 2528 βροῦχον,
947 2443 1067 2524 ἔσχατον
1095 2442 1127 2505 δέ

111 2544 169 2623 τήν
191 2542 334 2623 ἐρυσίβην
357 2542 537 2623 ἐπαχθεῖσαν
560 2540 653 2622 μηδὲν
677 2547 824 2615 παντελῶς
845 2541 1034 2618 καταλείψειν
1052 2540 1127 2603 άλά-

188 2738 291 2803 13-φ.
308 2738 368 2799 432,
384 2738 399 2785 9
414 2732 580 2787 Theodoret.
599 2732 629 2785 in
643 2731 713 2786 Joel.
733 2737 786 2798 1‚4
803 2731 900 2801 Migne
913 2730 944 2785 T.
959 2736 1003 2798 81,
1019 2730 1125 2784 163613.

189 2899 202 2946 1
223 2894 359 2949 οῦδὲ-2
374 2892 479 2962 ἀδελφέ
497 2909 546 2947 om.
562 2892 619 2945 AR.
640 2924 674 2933 -
694 2897 709 2943 2
728 2898 828 2946 τοῦτον
846 2890 905 2945 BF.
925 2922 957 2931 -
977 2885 1053 2959 οίμοι
1070 2889 1126 2943 ΜΡ

113 2960 212 3034 οίμμοι
226 2964 254 3019 C.
270 2997 303 3004 —
323 2964 372 3018 καλ
385 2980 435 3018 om.
450 2963 507 3017 BV,
523 2996 557 3003 -
576 2969 592 3016 3
610 2970 660 3032 τῆς
672 2960 778 3023 πόλεως
791 2961 840 3029 ίερ.
854 2962 880 3015 Α
897 2968 947 3030 τῆς
959 2959 1065 3024 πόλεως
1077 2968 1127 3029 τῆς

112 3037 204 3105 πύλης
227 3034 276 3104 δερ.
298 3035 336 3089 Μ.
357 3066 390 3075 -
417 3031 584 3104 ῦίεχωνίαυ
609 3034 669 3104 (lex.
684 3032 751 3103 ΜΡ)
766 3031 851 3086 ΕΜΡ
872 3039 897 3086 et
914 3048 984 3087 rece.
1004 3031 1127 3100 quidam.
1191 3044 1196 3055 '

113 3138 150 3147 —
170 3112 186 3161 6
205 3106 366 3176 έλιακελμΙί
389 3106 497 3175 ἐλιακλμ
511 3106 562 3159 LP.
581 3137 614 3145 -
634 3110 650 3158 8
669 3103 840 3172 δοριάλωτον
854 3102 927 3157 AOP
950 3102 1126 3171 δορυάλεοτον

113 3178 174 3233 rell.
195 3210 229 3219 —
249 3184 264 3231 9
283 3177 333 3257 τδγ
351 3176 549 3245 πατράδελφον
564 3176 622 3229 [ιΜ.
642 3208 678 3215 -
697 3180 731 3229 10
750 3172 851 3242 όριιους
868 3174 924 3227 AP.
944 3205 977 3214 —
995 3182 1046 3229 τοῦ
1064 3181 1128 3229 ante

112 3254 187 3305 θεοῦ
201 3266 251 3303 om.
266 3249 321 3303 PR.
332 3280 366 3289 -
383 3255 415 3303 14
430 3248 479 3318 μέν
494 3265 544 3303 om.
559 3248 617 3302 RV.
633 3279 667 3287 -
684 3252 717 3300 18
730 3250 769 3321 τῷ
779 3251 839 3319 ναῷ
850 3245 953 3300 ΒΙι,-
968 3250 1002 3299 20
1016 3255 1127 3314 πρῶτον

113 3319 233 3374 ABMV.
252 3352 285 3360 -
305 3326 338 3373 21
358 3318 558 3387 άλωθήσεσθαι
577 3318 631 3373 ΟΡ.
653 3350 687 3359 -
706 3323 740 3371 22
759 3317 960 3386 διαφεύξονται
977 3316 1037 3370 ΡΜ.

189 3478 368 3550 1κόψωυται
391 3498 425 3535 m.
445 3486 461 3534 1
480 3497 514 3534 ενι
537 3479 677 3550 κόψονται
695 3477 725 3530 Ρ.
749 3509 782 3517 -
806 3483 823 3531 2
847 3478 1019 3532 κλαύσονται
1038 3476 1068 3530 P.
1091 3506 1128 3513 -

116 3558 132 3605 3
147 3550 217 3607 ὃνοῦ
231 3552 271 3606 lit.
282 3568 350 3607 σοιν.
360 3569 393 3607 αι
407 3551 477 3622 ὁμοῦ
488 3550 518 3605 Ρ.
529 3583 564 3591 -
579 3556 612 3604 13
626 3546 844 3618 προσφυγόντας
853 3547 882 3601 Ρ.
894 3579 927 3587 -
944 3552 976 3601 14
991 3543 1082 3602 σεδειιί
1095 3544 1126 3597 Ρ.

115 3655 151 3663 -
171 3628 204 3677 19
225 3624 317 3677 αὐτῶν
336 3640 386 3679 ουν,
401 3624 537 3677 PTheod.
557 3653 592 3662 —
611 3626 644 3674 23
664 3618 812 3691 ἐρρισύβην
830 3620 860 3673 P.

170 3720 315 3772 Georgim
329 3722 488 3763 Monachus
503 3720 537 3761 ed.
553 3720 582 3761 δε
595 3720 663 3761 Βοοτ.
685 3720 716 3758 Π
915 3711 949 3758 28
