2617 3909
541 227 731 279 xpomxon
1077 227 1142 291 501

125 371 308 455 οἰκουμένης
331 375 474 456 φωστήρά
495 398 525 435 τε
547 373 598 435 καλ
620 375 799 437 διδάσκαλον
822 375 855 437 ἐκ
876 384 930 437 τοῦ
952 376 1069 456 θρόνου
1090 385 1144 455 τής

128 471 292 551 έπισκοπής
318 472 411 535 αὐτοῦ
438 472 617 554 παρανόμως
643 496 673 534 τε
699 471 750 534 καλ
776 472 915 555 άνρίτως,
946 474 1144 547 συνεκδιώξας

129 569 210 654 αὐτῷ
233 568 284 630 καλ
311 569 362 631 τδν
389 569 527 651 Χριστόν.
572 567 592 649 ή
621 568 653 631 δὲ
679 569 733 632 νέα
755 570 887 645 Δαλιδδις
910 570 1044 645 Εὐδοξία
1069 570 1144 632 κατά

129 667 236 749 μικρὸν
260 674 299 752 τῷ
315 669 392 752 ξυρῷ
411 678 464 749 τῆς
481 666 597 747 ἀπάτης
619 668 772 748 ξυρήσασά
790 687 821 731 σε
844 669 974 752 κατάραν
997 669 1144 751 ἐπήγαγεν

126 765 219 851 ἕαυτή
247 765 298 827 καλ
325 772 410 845 μῖσος
439 765 558 829 ἔνδικόν
585 789 614 828 τε
643 765 694 827 καλ
722 765 928 841 άνεξάλειπτον
960 768 1143 847 δεσμεόσασα
1170 788 1183 829 σ

127 864 255 945 φορτίον
290 861 506 945 ἁμαρτημάτων
542 864 763 944 δυσβάστακτον
798 864 850 927 καλ
880 871 1047 947 προσθεῖσα
1082 871 1144 940 τοῖς
1157 878 1198 918 496
1211 878 1242 916 Μ-

125 962 234 1044 πρεόην
256 960 349 1043 αὐτῆς
371 962 480 1037 δεινοῖς
502 961 553 1023 καλ
575 967 696 1035 πολλοῖς
717 960 932 1044 ἁμαρτήμασιν.

191 1054 226 1120 Ὁ
248 1057 281 1120 δὲ
304 1058 393 1141 μέγας
412 1053 560 1142 Ἰσίδωρος
586 1059 662 1141 πρός
683 1082 750 1121 τινα
776 1061 901 1142 γράφων
928 1061 1007 1124 οὕτω
1035 1063 1141 1142 φησίν·

125 1155 239 1241 ἐρωτᾷς
261 1157 316 1237 τήν
343 1157 409 1240 περλ
436 1157 488 1220 τόν
511 1156 671 1220 θεσπέσιον
690 1151 835 1237 Ἰωάννην
861 1160 1042 1245 τραγῳδίαν,
1069 1158 1143 1220 ἀλλὰ

126 1254 242 1336 φράσαι
269 1255 381 1335 ταύτην
408 1254 522 1337 ἀπορῶ·
555 1261 625 1340 νικᾷ
656 1254 712 1336 γάρ
744 1253 796 1317 τὸν
822 1264 898 1317 νοῦν
928 1253 949 1335 ή
977 1255 1056 1337 μέθη
1088 1265 1142 1319 τοῦ
1156 1278 1183 1317 ιο

126 1351 305 1434 πράγματος.
352 1352 440 1435 μικρὰ
463 1351 495 1415 δὲ
518 1354 665 1433 μάνθανε,
688 1353 762 1432 άπερ
785 1350 805 1431 ή
824 1353 977 1434 Αἴγυπτος
1000 1354 1143 1433 συνήθως

125 1449 286 1532 ήγνόησεν,
306 1449 422 1513 Μωσέα
440 1449 494 1531 μὲν
512 1449 744 1533 παραιτουμένη,
762 1450 814 1514 τὸν
833 1450 865 1513 δὲ
886 1451 997 1534 Φαραὼ
1015 1452 1142 1514 οίκειου

125 1546 213 1629 μένη,
236 1548 305 1622 τοὺς
322 1549 480 1623 ταπεινοὺς
500 1551 678 1629 μαστίζουσα
696 1548 746 1610 καλ
763 1550 833 1624 τοὺς
850 1548 1057 1630 κοπουμένους
1074 1552 1142 1612 θλί-

126 1648 238 1727 βουσα,
265 1647 364 1721 πόλεις
387 1647 586 1727 οίιιοδομοῦσα
613 1647 756 1723 καὶτοὺς
778 1648 908 1728 μισθοὺς
930 1646 1142 1730 άποστεροιῖσα,

125 1743 177 1805 καλ
195 1743 277 1826 μέχρι
294 1753 353 1806 νῦν
370 1746 486 1820 τούτοις
503 1746 692 1826 ἕμμελετῶσα.
732 1745 784 1809 τὸν
801 1752 953 1826 λιθομανή
971 1747 1022 1809 καλ
1036 1765 1142 1829 γρνσο-
1156 1766 1181 1807 ιε

126 1843 237 1924 λάτρην
259 1842 482 1924 προβαλλομένη
504 1843 652 1923 Θεόφιλον
671 1843 806 1927 τέσσαρσι
823 1851 976 1927 συνεργοῖς
997 1845 1048 1907 καλ
1069 1857 1142 1907 συν-

124 1941 304 2014 αποστάταις
332 1938 522 2023 ὀχυρωθέντα
553 1941 605 2004 τόν
633 1940 725 2017 ὄντας
752 1948 882 2023 θεοφιλῆ
914 1942 965 2004 καλ
996 1942 1141 2025 θεολόγον

125 2037 360 2119 κατεπολέμησεν
391 2038 570 2121 άνθρωπον,
606 2039 663 2119 τήν
693 2038 760 2122 περί
793 2041 846 2103 τὸν
876 2039 948 2120 ἐμὸν
980 2039 1141 2119 ὁμώνυμον

124 2134 288 2217 ἀπέχθειαν
313 2136 362 2198 καλ
386 2137 562 2218 δυσμένειαν
585 2137 768 2220 ὁρμητήριον
789 2147 843 2217 τῆς
865 2138 975 2211 οἰκείας
996 2136 1141 2218 εὑρηκότα

124 2235 331 2316 σκληρότητος.
381 2230 444 2297 ἀλλ’
481 2235 497 2298 δ
530 2234 584 2316 μὲν
620 2230 701 2309 οἶκος
733 2234 832 2297 Δαυλδ
867 2243 1056 2314 κραταιουται
1090 2232 1141 2294 καλ
1154 2254 1181 2294 το

122 2333 290 2413 πορεύεται,
313 2330 330 2393 ό
353 2331 386 2395 δὲ
407 2328 488 2407 οἶκος
505 2333 608 2395 Σαοὺλ
630 2332 758 2394 ἀσθενεῖ
774 2330 825 2392 καλ
846 2331 1068 2412 καταισχύνεται
1089 2330 1141 2392 καλ

123 2431 348 2511 συμποδίζεται,
380 2430 483 2506 καθὼς
515 2430 601 2516 δρᾷς,
632 2432 661 2492 εἰ
690 2429 740 2491 καλ
771 2439 824 2509 τῆς
856 2430 944 2509 ζάλης
972 2428 1140 2510 ὑπεξῆλθεν

123 2524 142 2589 δ
165 2524 327 2609 άνθρωπος
348 2538 401 2591 τοῦ
424 2535 500 2591 θεοῦ
527 2530 704 2608 στεφανίτης
729 2526 779 2589 καλ
800 2527 966 2609 νικηφόρος
992 2526 1043 2588 καλ
1064 2527 1140 2610 πρὸς

121 2624 180 2704 τήν
202 2624 264 2689 άνω
288 2626 422 2708 γαλήνην
444 2628 649 2709 μετεχώρησεν.

128 2876 130 2885 ⁴
196 2806 951 2878 ε-ειῑιισ.]ερρ,1,ωεΜεςηευοω.ιε,εει.-εο
967 2812 991 2861 τ.
1001 2806 1069 2876 μσς.
1079 2811 1104 2873 ε,
1113 2812 1137 2859 1.

196 2964 212 3011 3
231 2958 334 3016 δαλιδδι
352 2959 408 3014 PV.
424 2990 459 3001 -
477 2965 494 3012 4
512 2958 655 3028 ξυρήσασά
673 2976 703 3014 σε
721 2958 744 3012 L
767 2956 903 3026 ξνρίσασά
921 2974 952 3011 σε
965 2955 1043 3010 ANP
1061 2952 1138 3023 ξυρό-

121 3046 191 3085 σασε
211 3029 259 3084 ΟΕ
282 3026 418 3098 ξυρίσασα
436 3050 466 3085 τε
484 3030 507 3084 Β
530 3030 672 3099 ξυρήσασα
690 3033 751 3101 (om.
766 3029 834 3098 cs)V
843 3028 943 3097 Georg.
967 3025 1137 3095 ξυρίσασθαι

122 3104 185 3171 (om.
200 3105 239 3171 σε)
254 3102 287 3155 R.
306 3133 341 3142 -
361 3109 392 3156 11
413 3101 544 3170 συνήθως
561 3101 683 3172 ήγνόησε
701 3098 835 3171 (ήνόμησε
847 3099 894 3169 Ιε.)
908 3098 1010 3153 ABPV
1019 3098 1054 3151 Ιε.
1073 3114 1137 3152 συν-

121 3170 203 3239 ήθως
229 3190 280 3227 om.
300 3172 417 3228 OENR.
446 3205 479 3214 —
509 3179 541 3228 13
565 3172 747 3244 μυκωμένους
768 3171 818 3226 BV
844 3169 1019 3240 κοπομένους
1040 3169 1074 3224 D.
1103 3201 1135 3209 -

125 3248 158 3297 15
177 3242 256 3315 μέχρι
273 3252 323 3299 τοῦ
341 3254 394 3299 νῦν
412 3244 476 3298 ΒΜ.
872 3301 875 3306 ,

195 3400 211 3450 6
230 3397 360 3469 δυσβαστ.
379 3400 538 3464 προσθεῖσα
560 3395 608 3451 καλ
629 3403 689 3457 τοῖς
708 3392 840 3463 PGoorg.
863 3424 899 3435 -
922 3398 937 3447 7
962 3396 1067 3455 δεινοῖς
1088 3391 1137 3446 καλ

120 3467 235 3529 πολλοῖς
253 3484 307 3551 om.⁸
322 3466 454 3551 Pfieorg.
474 3498 508 3507 -·
528 3469 594 3523 Post
612 3465 808 3559 ἁμαρτήμασιν
822 3466 962 3533 multa
979 3465 1044 3520 aad.
1064 3464 1086 3516 P
1104 3463 1137 3516 de

123 3537 307 3607 Ολτμεοελουιτ
329 3546 394 3594 vata.
423 3570 457 3579 -
485 3544 502 3591 8
525 3539 590 3607 περὶ
612 3557 646 3592 ου
670 3535 765 3607 μέντοι
787 3537 837 3592 καλ
859 3536 874 3591 ό
895 3536 1062 3672 προλεγήθελς
1084 3530 1136 3587 λσί-

121 3608 214 3676 δοροε
226 3608 256 3662 Ρ.
272 3640 306 3649 -
326 3616 341 3663 9
360 3610 424 3676 περὶ
442 3617 492 3664 τοῦ
510 3607 664 3664 θεσπεσίου
682 3607 805 3664 λωάννου
819 3608 849 3662 Ρ,
865 3639 899 3648 -
918 3612 952 3661 22
1001 3609 1090 3675 ἢλθεν
1105 3603 1135 3657 P.
