2617 3909
163 235 227 299 568
476 235 663 287 ΓΕαΡυτοα
680 235 864 287 nomm

161 384 323 465 εὑρεθῆναι
350 382 383 445 ἐν
409 392 445 468 τη
475 384 593 466 μεγίστη
618 376 713 466 Ῥώμη
746 380 912 463 άνθρωπον
939 391 1083 444 τοιοῦτον.
1130 382 1182 443 καὶ

161 483 370 564 ἐρευνήσαντες
397 480 447 542 καί
474 480 699 560 ἐπιζητήσαντες
727 480 781 560 ούχ
803 473 900 560 εύρον.
946 478 995 541 ἐπὶ
1019 480 1095 541 πολὺ
1124 472 1183 541 ούν

163 578 408 661 διαλογιζομένων
429 578 528 640 αὐτῶν
546 578 597 639 καὶ
616 577 854 658 άδολεσχούντων
872 576 939 659 περὶ
957 578 1075 658 τούτου,
1097 571 1182 638 εἶπεν

162 677 178 740 6
201 679 302 751 πάπας
325 684 363 760 τῷ
383 679 507 758 βασιλεῖ·
532 676 591 737 ἔστι
614 672 687 757 παρ’
708 673 780 755 ἡμῖν
804 674 943 748 διάκονός
961 698 1005 749 τις
1027 673 1182 757 παρθένος

134 776 232 855 εμετδι
254 785 308 854 τῆς
327 774 404 847 ἰδίας
427 773 570 853 ἀδελφῆς·
596 772 691 853 ὄνομα
703 772 790 856 αύτῷ
807 766 961 853 Ἀρσέυιος.
1003 773 1107 851 ὅμοιος
1124 772 1181 853 γὰρ

163 873 255 934 αὐτοῦ
279 870 366 943 ύλλος
388 870 444 933 ούκ
467 871 545 932 ἐστιν
569 870 584 933 6
609 869 738 949 ὀφείλων
760 871 836 952 πρὸς
857 864 1042 953 ’δ’-ἐπιθυμεῖ
1059 868 1075 932 6
1094 871 1181 950 βασι-

163 970 229 1043 λεὺς
251 968 409 1041 Θεοδόσιος
431 970 588 1030 παιδεῦσαι
611 967 752 1030 τὰτέκνα
773 968 867 1029 αὐτοῦ
885 968 966 1051 πόση
983 969 1091 1048 γνώσει
1109 969 1182 1051 θείᾳ

162 1090 191 1129 τε
210 1067 260 1128 καί
282 1066 470 1150 ἀνθρωπίνη.
507 1061 570 1127 ἀλλ’
588 1066 644 1127 οὐκ
667 1060 736 1128 οἶδα
758 1065 786 1127 εί
806 1063 1002 1145 καταδέχεται,
1025 1064 1101 1126 διότι
1123 1065 1181 1145 ἔχει

162 1164 267 1246 καιρὸν
289 1162 509 1243 ἀποταξάμενος
536 1173 589 1243 τῆς
610 1163 767 1245 ἐγκυκλίου
789 1163 979 1237 παιδεύσεως.
1024 1158 1181 1237 ἀλλ’ἴσως

123 1282 149 1321 ιο
163 1261 215 1324 έδιν
233 1263 356 1346 κελεύσῃ
380 1262 411 1323 τὸ
430 1261 570 1342 ὑμέτερον
588 1261 695 1343 κράτος
717 1260 767 1322 καί
789 1259 957 1339 καλέσωμεν
979 1260 1082 1340 αὐτόν,
1104 1265 1181 1339 πλη-

162 1369 352 1442 ροφορούμεν
375 1359 467 1421 αὐτὸν
490 1358 557 1441 περί
579 1359 695 1420 τούτου.
735 1368 827 1420 ταῦτα
849 1356 980 1432 ἀκούσας
1003 1357 1019 1420 6
1043 1357 1180 1439 βασιλεὺς

108 1524 110 1528 ,
162 1457 251 1538 ἐχάρη
283 1458 364 1537 λίαν,
401 1455 451 1517 καλ
483 1456 654 1536 πέμψαντες
686 1457 899 1535 μετεστείλαντο
935 1455 987 1517 τὸν
1018 1449 1179 1537 Ἀρσένιον.

162 1554 303 1627 ἐλθόντος
326 1552 358 1615 δέ
377 1553 469 1615 αὐτοῦ
492 1551 567 1634 λέγει
590 1554 664 1634 πρὸς
687 1554 779 1616 αὐτὸν
802 1550 818 1613 6
839 1554 988 1634 βασιλεύς·
1014 1552 1051 1614 ού
1073 1551 1182 1631 λέληθε

163 1652 196 1712 τδ
219 1649 360 1731 ἡμέτερον
388 1652 493 1731 κρότος
516 1648 536 1729 6
559 1650 632 1712 κατδι
660 1652 735 1714 θεόν
763 1669 818 1712 σου
843 1652 973 1712 πολιτεία
1000 1649 1050 1711 καὶ
1073 1647 1089 1710 6
1112 1649 1182 1711 ἐνά-

123 1766 149 1807 ιο
163 1749 243 1828 ρετός
271 1766 326 1809 σου
354 1750 433 1829 βίος,
463 1748 535 1809 ἀλλὰ
564 1750 707 1827 διηνεκῶς
734 1747 893 1821 ἀκούοντες
919 1747 975 1827 την
1001 1748 1096 1826 καλήν
1124 1765 1181 1809 σου

163 1844 356 1928 ἀναστροφὴν
388 1846 468 1908 πάνυ
500 1846 726 1928 εὐφραινόμεθα
758 1845 806 1907 ἐπλ
837 1846 939 1930 τούτῳ.
989 1846 1090 1925 ἐπειδὴ
1124 1837 1182 1906 ούυ

164 1940 179 2003 6
203 1944 400 2024 συμβασιλεὺς
427 1941 512 2023 ἡμῶν
543 1942 703 2016 Θεοδόσιος
729 1941 895 2004 ἀπέστειλεν
922 1941 995 2022 ἡμῖν
1022 1944 1182 2024 πρεσβείαν

164 2042 337 2121 αἰτούμενος
373 2041 489 2121 πέμψαι
526 2042 606 2126 αύτῷ
643 2040 808 2125 άυθρωπου
839 2050 975 2102 τοιοῦτον
1011 2041 1182 2119 δυνάμενον

163 2141 320 2201 παιδεῦσαι
347 2138 383 2201 τδι
409 2138 496 2201 τέκνα
524 2140 616 2201 αὐτοῦ
643 2138 677 2200 ἐν
703 2140 784 2223 πόση
814 2140 969 2223 θεοσεβείᾳ
999 2137 1050 2199 καλ
1076 2141 1182 2223 σοφίᾳ,

123 2258 149 2297 εο
163 2239 270 2299 τούτου
297 2238 383 2319 χάριν
411 2236 653 2317 μετεστειλάμεθά
680 2254 712 2298 σε
739 2235 780 2310 ὡς
807 2235 881 2296 κατδι
908 2235 983 2297 θεὸν
1011 2234 1097 2315 όντα,
1129 2236 1182 2296 ἵνα

164 2334 298 2418 άπέλθης
320 2335 395 2417 πρὸς
417 2336 508 2397 αὐτὸν
533 2333 583 2396 καὶ
606 2334 681 2395 κατὰ
702 2333 758 2413 την
780 2335 866 2415 χάριν
888 2332 943 2412 τὴν
966 2334 1109 2395 δοθεῖσάν
1133 2352 1181 2395 σοι

164 2432 196 2494 ἐκ
220 2439 293 2493 θεοῦ
321 2433 483 2517 παιδεύσης
511 2433 628 2505 αύτούς.
675 2432 711 2494 ού
736 2431 803 2513 γάρ,
819 2431 976 2512 ἐκρίναμεν
1002 2430 1102 2504 ἁπλῶς
1129 2430 1181 2492 καὶ

62 2542 103 2583 469
117 2542 148 2581 Μ·
165 2526 205 2603 ὡς
227 2529 326 2608 ἔτυχεν
349 2529 504 2611 ἐγχειρίσαι
526 2539 612 2591 τούτο
635 2530 668 2592 τδ
690 2531 811 2612 πρᾶγμά
833 2555 902 2611 τινι,
925 2531 953 2591 εί
974 2531 1014 2610 μὴ
1037 2540 1073 2614 τῇ
1092 2530 1180 2591 εύλα-

164 2628 229 2713 βείᾳ
253 2644 316 2687 σου.
363 2624 379 2687 6
403 2625 434 2687 δὲ
455 2622 602 2706 Ἀρσένιος
625 2626 799 2708 άποκριθείς
821 2623 883 2690 εἶπε
905 2634 946 2713 τῷ
969 2630 1095 2709 βασιλεῖ·
1122 2628 1180 2689 ούκ

124 2746 149 2785 ετ
164 2722 280 2805 άγυοεῖ,
316 2723 522 2804 θεοσεβέστατε
554 2725 689 2804 βασιλεύ,
726 2722 742 2786 6
774 2724 934 2807 διγιεότατος
965 2725 1061 2806 πατὴρ
1093 2722 1181 2805 ἡμῶν

163 2822 264 2894 πάντας
291 2820 346 2900 τὴν
369 2821 443 2901 ἐμην
471 2819 630 2901 εὐτέλειαν,
664 2822 708 2882 ότι
736 2824 791 2903 ἐχω
818 2822 923 2905 καιρόν
956 2823 996 2902 μὴ
1020 2822 1181 2905 παρελθὼν

164 2919 214 2980 διδι
241 2928 293 2999 τῆς
323 2919 377 2992 ἐξω
406 2919 600 2998 φιλοσοφίας,
627 2918 779 3000 ἐξαιρέτως
806 2916 838 2979 δέ
865 2912 921 2996 ἀφ’
945 2912 982 2979 οὗ
1008 2920 1064 2999 τὴν
1085 2941 1181 2999 χειρο-

163 3019 266 3079 τονίαν
284 3018 395 3096 ταύτην
413 3017 557 3096 ἐδεξάμην
579 3015 595 3078 6
614 3015 745 3097 ἀνάξιος,
769 3014 835 3078 ούτε
854 3017 896 3088 εἰς
911 3017 994 3097 βιβλί
992 3016 1078 3078 ονέν
1060 3015 1182 3093 νέκυψα

236 3179 384 3248 δόνόματι
398 3179 635 3246 άρσένιοςΑΙδμ-
651 3180 758 3251 6αύττό
771 3179 877 3232 BR.-
894 3184 926 3232 10
942 3178 1132 3233 κελεύσειΑΟ
1146 3211 1181 3219 -

164 3251 213 3304 καί
227 3248 326 3305 καλέσο
347 3270 377 3305 εν
392 3249 510 3305 αύτόνΒ
530 3248 682 3319 καλέσομεν
697 3252 719 3318 (-
707 3267 811 3319 -σωμεν
824 3250 860 3318 R)
875 3249 962 3303 αὐτὸν
976 3270 1025 3303 και
1015 3249 1085 3304 RV
1100 3248 1182 3303 καλέ-

164 3272 350 3445 χιχχιχνΕυχύτόύ
362 3323 425 3444 χρη.
440 3320 564 3462 κᾳίχχὶ..
559 3319 966 3444 -ΑχδΕείσελέχόντοςῙξλΒ-
986 3326 1020 3373 16
1037 3320 1181 3460 ἐκχατοῦτο

449 3412 487 3445 ων
553 3400 580 3446 ῑυ
684 3408 733 3445 ονε.
888 3390 919 3444 ἐν
932 3400 1002 3445 πᾶσι
1016 3408 1048 3445 σο
1128 3408 1172 3445 om

163 3464 275 3533 θεοσεβ
291 3461 442 3531 ιιαλ)Ο-
410 3412 448 3459 W
461 3460 549 3531 σοφία
563 3462 611 3515 ΑΒ
630 3459 785 3536 φιλοσοφίᾳ
798 3461 991 3515 ΙλΕἙῚλῙῙβ
1010 3467 1043 3516 22
1050 3400 1183 3517 (6666-

166 3516 1184 3604 0690sssseunaaasv'offl.-2³67x69606616.-24660292669

165 3620 215 3658 om.
230 3603 340 3657 AC.—
359 3609 392 3656 ‘28
412 3588 548 3672 ἐδεξάμην
567 3603 581 3657 6
601 3554 716 3669 ἀνάξιος
730 3604 778 3658 ΑΒ
797 3603 812 3658 6
831 3604 911 3669 ἀνάξ
929 3604 1064 3674 ἐδεξάμην
1083 3603 1145 3658 rell.
