2617 3909
535 245 725 297 XPONIKON
1073 243 1139 308 539

127 394 284 474 θεολογίας
310 391 361 453 καὶ
387 393 481 454 θείων
508 394 679 473 μυστηρίων
705 391 846 466 ἀξιοῦται.
891 393 985 466 οὕτως
1013 392 1029 456 δ
1056 399 1141 466 θεῖος

130 491 302 571 Φλαβιανὸς
323 489 378 570 τὴν
397 491 580 570 δαιμονιώδη
601 490 651 552 καὶ
670 491 883 572 μυσαρωτύτην
900 491 1014 573 αἵρεσιν
1031 490 1141 571 ύνορύ-

129 591 181 663 ξας
207 587 263 650 ’καὶ
293 589 452 670 γυμνώσας
483 588 541 669 ἐφη
571 589 646 671 πρὸς
673 589 725 651 τὸν
752 587 980 669 δυσσεβέστατδν
1006 587 1140 671 γέροντα·

128 685 349 766 πεπαλαιωμένε
367 697 468 748 κακῶν
487 684 614 767 ἡμερῶν,
632 685 733 768 ἤλεγξέ
751 705 782 749 σε
800 688 832 750 τὸ
847 687 901 749 σὸν
915 686 1022 768 μιαρδν
1039 687 1141 765 στόμα,

129 783 180 846 καὶ
207 785 263 846 ούιι
289 783 360 866 ἐγώ,
389 782 439 846 ναί
466 782 502 845 τδι
524 783 562 846 σὰ
584 784 791 867 διεφθαρμένα
813 782 863 846 καί
885 782 1040 865 ύιιύθαρτα
1062 785 1142 864 χείλη
1169 807 1181 846 ε

129 883 387 964 τατύμαρτυρούσί
414 900 477 944 σου.
523 885 751 964 φανερωθείσης
777 881 810 944 δὲ
836 892 889 962 τῆς
911 892 1071 962 σατανιιιης
1092 879 1143 942 καὶ

130 982 276 1063 βδελυρᾶς
297 979 413 1061 ύπύτης
434 979 484 1042 καὶ
506 981 598 1044 νόσου
620 982 739 1061 ταύτης,
762 991 814 1061 τῆς
836 978 890 1060 μὲν
908 981 1023 1062 Συρίας
1040 979 1143 1060 ἐξηλύ-

129 1086 248 1160 θησαν,
277 1078 319 1152 εἰς
346 1076 378 1139 δὲ
406 1079 461 1158 τὴν
489 1080 674 1158 Παμφυλίαν
700 1077 851 1159 ἐχώρησαν
877 1077 927 1138 καί
953 1078 1064 1157 ταύτην
1091 1087 1143 1158 τῆς

130 1178 230 1258 λώβης
253 1176 436 1256 ἐπλήρωσαν.

431 1315 482 1400 [γ’.
515 1318 603 1401 Περί
623 1315 845 1399 Ἰουλιανοῦ]
1158 1341 1183 1381 10

199 1443 288 1505 Μετὰ
311 1442 343 1505 δὲ
361 1443 569 1505 Κωνστύντιον
591 1442 777 1523 ἐβασίλευσεν
792 1437 953 1515 Ἰουλιανὸς
975 1439 991 1502 δ
1010 1441 1144 1524 παραβύ·
1158 1460 1198 1498 ιω
1212 1457 1243 1496 Μ.

131 1565 184 1620 της
208 1541 256 1621 ἔτη
285 1541 340 1602 δύο
367 1541 464 1620 ἥμισυ.
509 1537 543 1614 ὃς
565 1540 637 1602 κατὰ
661 1541 846 1623 συγχώρησιν
868 1547 943 1602 θεοῦ
965 1538 1145 1623 παραλαβών

132 1640 188 1719 την
212 1641 362 1720 βασιλείαν
385 1638 476 1700 ἐποίει
498 1638 548 1700 ταὶ
570 1639 605 1701 τὰ
627 1638 716 1702 λοιπὰ
738 1639 793 1700 δσα
815 1639 847 1701 οἱ
866 1646 971 1700 τοῦτον
993 1646 1146 1711 κινοῦντες

120 1737 348 1818 ’ἐθεραπεύοντο
376 1738 522 1816 δαίμονες.
568 1737 642 1799 ὅθεν
669 1738 701 1799 οί
728 1747 787 1799 τῶν
811 1737 944 1800 εἰδώλων
966 1735 1146 1798 ὑπασπισταὶ

132 1833 394 1918 ἀναθαρρήσαντες
416 1833 549 1920 ἀνέῳξαν
572 1833 625 1915 μὲν
647 1835 718 1910 τοὺς
735 1844 794 1896 τών
812 1835 942 1898 εἰδώλων
962 1834 1073 1914 σηκούς
1095 1832 1146 1896 καὶ
1159 1859 1185 1900 ιε

133 1932 186 2008 τὰς
209 1931 342 2015 μυσαρὰς
365 1931 518 1995 ἐπετέλουν
540 1933 666 2013 τελετύς,
689 1932 759 2007 τοὺς
782 1931 814 1995 δέ
836 1935 940 2008 θείους
962 1932 1055 2005 ναούς
1077 1954 1145 1992 κατ-

132 2029 275 2112 ἐστρεφον
302 2030 352 2092 ναὶ
378 2031 448 2104 τοὺς
477 2031 663 2114 χριστιανούς
691 2032 795 2104 δεινῶς
821 2031 982 2112 ἐμάστιζον.
1028 2023 1077 2108 ἐφ’
1102 2021 1146 2090 ὧν

132 2128 249 2210 χρόνων
271 2127 320 2189 ml
343 2129 519 2210 Πορφύριος
542 2126 558 2189 δ
583 2129 692 2210 Τύριος
714 2128 856 2212 ύπύρχων
882 2127 975 2190 πολλὰ
997 2126 1071 2188 κατὰ
1093 2135 1147 2206 τῆς

134 2227 258 2300 πίστεως
285 2223 371 2306 ἡμῶν
393 2225 528 2305 ἐκμανεὶς
550 2226 717 2307 ἐλύσσησεν.
762 2226 927 2309 γριστιανὸς
949 2225 1005 2308 γὰρ
1026 2223 1146 2308 γενόμε-
1160 2243 1200 2281 ιιι
1214 2241 1244 2279 ιι.

134 2347 188 2397 νος
210 2322 260 2384 καὶ
282 2323 443 2404 τυπτηθεὶς
465 2324 524 2386 ὑπό
548 2347 627 2398 τινος
645 2333 814 2406 χριστιανοῦ
831 2323 864 2386 ἐν
883 2325 1067 2408 Παλαιστίνη
1087 2330 1147 2385 θυ-
1160 2348 1187 2388 ιο

135 2420 249 2502 μωθελς
271 2427 398 2501 μετῆλθε
420 2422 510 2483 πάλιν
532 2422 575 2496 είς
596 2423 648 2485 τὸν
669 2420 843 2502 ἕλληνισμδν
862 2421 878 2484 δ
896 2423 1079 2504 ταλαίπωρος
1096 2421 1147 2484 καὶ

135 2517 211 2581 κατὰ
233 2528 285 2599 τῆς
308 2519 430 2592 πίστεως
452 2518 648 2600 ἐδογμάτισεν.

197 2610 303 2678 Ὀποῐα
325 2617 427 2677 τοίνυν
450 2615 499 2677 καὶ
523 2617 577 2678 ὅσα
599 2612 664 2678 κατ’
680 2616 794 2679 ἐκεῖνον
819 2617 982 2697 ἐτόλμησαν
1006 2619 1058 2681 τὸν
1082 2641 1147 2679 και-

135 2715 191 2796 ρδν
223 2715 255 2774 οί
283 2722 336 2774 τοῦ
364 2715 526 2794 δυσσεβοῦς
553 2712 720 2797 ὁμόφρονες
746 2716 903 2795 πάμπολλα
929 2714 993 2796 μίν
1009 2714 1070 2777 ἐστι
1098 2714 1148 2776 καὶ

210 2882 323 2930 12-14
345 2877 450 2930 Τλιεοδ.
471 2877 545 2931 Ιιοολ.
569 2877 605 2944 cs.
623 2877 689 2932 Exn.
709 2878 772 2931 Βετ.
790 2877 914 2947 Theoph.
930 2894 960 2946 μ.
979 2884 1027 2943 46,
1047 2883 1088 2931 17.
1112 2909 1147 2918 -

138 2953 251 3002 14-17
271 2947 429 3002 Theodoret
446 2947 480 3001 H.
500 2948 567 3002 ecel.
586 2949 637 3016 ΙΠ,
656 2955 681 3002 6.
702 2981 736 2990 -
760 2954 873 3002 17-22
892 2949 997 3003 Theoti.
1016 2949 1092 3003 Lect.
1111 2949 1147 3016 cf.

137 3019 228 3073 Uram.
247 3018 285 3087 11,
301 3023 347 3085 96,
362 3024 396 3072 32
419 3019 484 3073 Exc.
499 3020 562 3074 Bar.
577 3019 703 3089 Theoph.
718 3038 748 3090 μ.
763 3025 811 3088 52,
827 3025 850 3073 7.
875 3052 910 3060 -
932 3025 1037 3089 23-1).
1053 3025 1148 3086 540,8

137 3089 304 3145 Τλιοοδοεοίι.
318 3090 352 3143 H.
368 3090 434 3144 eccl.
449 3089 496 3159 111,
511 3096 535 3144 7.

210 3221 226 3268 2
249 3214 449 3284 μυσαρωτύτην
471 3217 520 3271 καὶ
543 3217 715 3285 δαιμονιώδη
738 3216 801 3271 RV.
825 3247 859 3256 -
886 3215 987 3284 ὀρύξας
1008 3215 1033 3269 D
1060 3217 1148 3284 ἀναρ-

138 3286 225 3354 ρήξας
242 3286 264 3339 Ρ
282 3287 426 3356 (διορύξας
443 3287 567 3358 Theod.).
587 3318 620 3327 -
643 3294 660 3341 4
678 3286 780 3359 μιαρὸν
798 3287 875 3341 ΑΒΡ
896 3289 1070 3356 μιαρώτατον
1088 3287 1149 3341 rell.

138 3362 199 3426 (om.
217 3357 340 3427 Theod.).
361 3389 395 3398 -
417 3360 501 3413 διαί
519 3357 671 3426 ἀκάθαρτα
693 3375 744 3414 σοι.
764 3357 824 3411 BD.
847 3389 880 3398 —
906 3364 939 3413 13
958 3356 1034 3420 ὅσοις
1050 3358 1148 3412 BExc.

139 3428 264 3498 Theoph.
280 3460 315 3469 -
329 3433 363 3483 20
377 3431 498 3498 τυφθεὶς
510 3430 668 3500 BTheoph.
683 3431 740 3500 (ενδ
754 3428 897 3499 ἐτυπτύθη
911 3429 1000 3484 Oram.
1015 3429 1099 3499 Em).
1115 3461 1148 3470 -

140 3507 172 3554 21
193 3499 337 3569 ἐπανῆλθε
355 3499 430 3554 ABV
452 3501 564 3570 ἀπῆλθε
583 3501 615 3554 R.
636 3533 669 3541 —
689 3506 724 3555 24
742 3501 795 3554 εἰσι
814 3498 896 3554 BPR.

212 3632 229 3678 4
247 3627 355 3680 πολλῶν
373 3633 468 3680 κακῶν
485 3625 595 3695 ἡμερῶν
613 3625 643 3678 Ρ.
664 3656 698 3665 -
719 3630 733 3679 7
753 3623 948 3696 ἐξηλύσθησαν
966 3625 996 3678 Ρ.
