2617 3909
178 222 245 286 470
491 223 677 275 Γσνοοιοτ
694 223 878 276 »mmor

180 369 211 432 δὲ
234 381 287 452 τῆς
309 370 443 448 ἐξουσίας
461 381 515 434 τοῦ
534 372 657 446 σκότους
675 370 863 451 ἀνόπλασμα,
882 373 1031 456 φαντασίᾳ
1048 378 1124 458 φιλῇ
1143 372 1197 437 καί

179 471 303 552 σχήματι
335 469 461 557 διακένῳ
493 471 626 550 σώματος
656 469 848 552 ἀνθρωπείου
875 476 1109 554 πεφανερῶσθαι
1141 469 1197 532 τδν

179 571 284 652 κύριον
312 568 488 648 ἐφαντοίσθη
514 567 564 632 καί
592 566 768 650 ὠνείρωξεν,
795 567 868 630 ὥστε
896 567 973 648 φησί
999 567 1050 630 καί
1071 569 1198 650 πάσχειν

178 665 233 747 μέν
257 668 356 729 δοκεῖν
378 666 470 730 αὐτόν
492 666 542 728 καί
563 667 699 749 πράττειν
716 667 791 749 δίπερ
809 666 881 749 ἔδρα
898 665 948 728 καί
965 665 1099 729 πέπονθε
1117 661 1194 728 καθ’

59 787 136 828 ροισι.
152 787 165 827 ο
179 763 272 845 ἡμᾶς,
305 763 398 844 μηδὲν
431 762 463 827 δὲ
494 765 607 828 τούτων
639 762 767 849 ἀληθείη
798 763 849 826 καί
880 764 1027 846 πράγματι
1054 764 1198 847 ὑπάρξαι,

178 862 252 925 ἀλλὰ
279 863 399 941 δοκήσει
426 863 519 942 μόνον
546 861 597 924 καί
621 861 720 946 ἀπάτη
742 861 958 942 ἀποβουκολεῐν
980 863 1050 938 τοῦς
1071 861 1197 945 ἀνθρώ-

179 983 269 1040 πους,
299 954 344 1034 οἷς
370 959 420 1022 καί
447 960 710 1042 συνανεστρόφθαι
738 960 916 1039 νενόμισται.
961 960 1012 1022 διὰ
1034 970 1121 1024 τοῦτο
1144 961 1198 1024 καί

179 1059 285 1138 φύσεις
313 1059 368 1120 δύο
395 1064 575 1140 παραιτεῖται
602 1055 695 1139 λέγειν
722 1055 772 1120 ἐπί
798 1067 850 1120 τοῦ
877 1060 998 1140 κυρίου,
1025 1057 1099 1120 ἀλλὰ
1122 1061 1199 1138 μίαν

178 1155 234 1235 την
257 1166 310 1236 τῆς
332 1155 480 1236 θεότητος.

140 1277 165 1316 ιο
247 1259 368 1328 Παῦλος
396 1253 428 1316 δέ
455 1279 499 1329 τις
526 1262 564 1340 τῷ
585 1255 723 1315 Μόνεντι
751 1254 843 1339 τούτῳ
866 1254 1028 1337 σόγχρονος
1055 1255 1198 1335 γεγονός,

178 1353 210 1414 τὸ
234 1352 318 1434 γένος
340 1349 394 1432 μὲν
414 1353 623 1432 Σαμυσατεός,
643 1345 819 1432 Ἀντιοχείας
842 1348 875 1414 δὲ
897 1361 950 1431 τῆς
971 1352 1099 1432 μεγάλης
1120 1352 1197 1434 πρό-

179 1451 279 1533 εδρος,
315 1451 407 1527 ψιλὸν
443 1448 607 1532 όίνθρωπον
643 1445 720 1511 είναι
751 1450 803 1512 τὸν
834 1450 940 1532 κόριον
971 1449 1199 1531 έδυσφήμησεν,

179 1547 275 1630 ὥσπερ
300 1546 332 1609 δὲ
354 1548 397 1620 είς
419 1546 541 1610 ἕκαστον
564 1557 623 1608 τῶν
645 1557 809 1629 προφητῶν
833 1548 911 1610 οῦτοι
929 1546 980 1610 καί
996 1547 1030 1610 έν
1047 1547 1127 1633 αὐτῷ
1147 1571 1197 1630 γε·

179 1651 325 1726 γενῆσθαι
347 1655 400 1707 τοῦ
423 1652 498 1707 θεοῦ
521 1644 610 1726 λόγου
633 1645 689 1724 τὴν
712 1646 844 1725 οἴκησιν,
869 1645 959 1708 ἔνθεν
981 1644 1032 1706 καί
1054 1646 1110 1708 δύο
1134 1647 1197 1725 φό-

140 1765 165 1805 ιο
180 1761 239 1815 σεις
272 1741 458 1826 διῃρημένος
489 1742 613 1824 έχοόσας
644 1742 695 1803 καλ
730 1742 951 1822 ἀκοινωνήτους
982 1744 1056 1825 πρὸς
1087 1743 1198 1818 ἕαυτδις

179 1834 254 1902 εἶναι
286 1841 474 1902 παντάπασιν
501 1840 534 1904 έν
562 1845 690 1925 Χριστῷ,
723 1839 763 1915 ὡς
789 1839 880 1902 ίίλλου
908 1839 993 1914 όντος
1019 1840 1113 1904 αὐτοῦ
1141 1852 1197 1905 τοῦ

179 1943 309 2020 Χριστοῦ
337 1937 387 2000 καί
412 1936 504 2001 όίλλου
531 1949 584 2001 τοῦ
611 1939 644 2002 έν
667 1939 747 2023 αὐτῷ
765 1947 974 2013 κατοικοῦντος
996 1945 1072 2002 θεοῦ
1094 1939 1198 2022 λόγου.

179 2030 266 2100 αὗται
294 2034 348 2116 μὲν
376 2029 431 2099 οῦν
458 2038 493 2098 αί
518 2048 630 2120 πρῶται
650 2035 735 2115 φυαί
762 2046 815 2098 τοῦ
843 2038 914 2116 μίαν
942 2039 1035 2116 φύσιν
1064 2037 1116 2104 καί
1142 2037 1198 2112 τὰς

179 2136 233 2198 δύο
262 2145 361 2209 κακῶς
388 2134 438 2197 καί
465 2136 631 2216 δυσφήμοις
658 2133 708 2197 έπί
735 2139 865 2215 Χριστοῦ
894 2133 1046 2216 λέγεσθαι,
1078 2137 1112 2198 τὸ
1141 2134 1198 2215 μὲν

139 2256 165 2296 ιο
179 2227 225 2296 ἐπ’
246 2232 393 2314 ἀναιρέσει
416 2242 469 2313 τῆς
491 2233 642 2314 θεότητος,
665 2232 697 2294 τὸ
721 2230 754 2294 δὲ
776 2242 829 2311 τῆς
851 2231 1092 2315 ἀνθρωπότητος.

242 2327 295 2392 Ἐν
319 2329 351 2393 δὲ
373 2336 436 2406 τοῖς
459 2330 526 2411 ἑξῆς
548 2332 665 2412 ηρόνοις
685 2325 889 2411 Ἀπολινοίριός
911 2354 955 2404 τις
978 2329 1097 2409 δινεφόη
1120 2330 1197 2413 πρό-

178 2430 263 2512 εδρος
286 2429 466 2502 Λαοδικείας
494 2438 546 2508 τῆς
568 2431 684 2512 Συρίας
711 2429 972 2510 ματαιοφροσόνης
998 2427 1096 2510 ἑτέρας
1119 2426 1197 2511 ἡγη-

179 2527 312 2606 σόμενος.
360 2535 419 2587 τῶν
442 2525 497 2607 γὰρ
519 2522 678 2606 Ἀρειανῶν
700 2525 820 2607 όίψυχον
843 2526 939 2605 ττοίντη
967 2527 1111 2608 λεγόντων
1138 2527 1198 2607 τὴν

179 2633 232 2686 τοῦ
258 2625 365 2703 κυρίου
393 2624 501 2705 σοίρκα,
529 2624 617 2698 αὐτὸς
640 2624 699 2702 ἔφη
727 2624 772 2685 ὅτι
794 2625 888 2704 σάρκα
916 2621 969 2705 μὲν
996 2623 1198 2705 έψυχυμένην

139 2743 165 2782 ετ
179 2731 262 2806 ψυχῇ
287 2725 393 2806 ζωτικῇ
417 2719 558 2801 ἀνέλαβεν
581 2721 597 2784 δ
621 2721 738 2802 κύριος,
766 2731 841 2783 νοῦν
864 2720 896 2784 δὲ
919 2722 971 2783 τὸν
992 2719 1134 2804 ἡμέτερον
1158 2723 1198 2785 οῦ

250 2901 266 2948 2
291 2889 473 2962 ἀνθρωπείου
496 2892 576 2946 ERV
603 2876 703 2962 ἀνθρόό
726 2893 749 2947 Β
777 2890 946 2962 ἀνθρνπίον
973 2893 1033 2948 rell.
1058 2925 1091 2935 -
1117 2899 1133 2948 ό
1163 2896 1197 2951 δὲ

179 2982 229 3020 ουτ.
245 2965 307 3018 AM.
322 2995 357 3006 —-
375 2972 475 3018 τοῦτον
489 2964 545 3018 BV.
563 2997 595 3004 —
615 2970 631 3018 9
650 2964 701 3034 την
715 2981 766 3019 οικ.
780 2963 880 3018 BExc.
894 2972 919 3020 et
932 2981 1003 3019 rece.
1038 2966 1144 3020 uidam.
1161 2999 1194 3007 —

181 3043 212 3089 11
228 3036 290 3107 μὲν]
306 3036 337 3090 δὲ
351 3035 409 3089 ΜΒ
423 3052 475 3090 om.
488 3035 553 3090 Exn.
568 3043 593 3090 ιλ
606 3053 679 3090 unus
693 3052 728 3089 ex
741 3051 812 3090 τεοο.
823 3066 858 3077 -
872 3053 1050 3105 σαμωσατεας
1063 3037 1196 3092 MPExc.

180 3103 1198 3235 &⁶3⁷⁸ssss222⁶“225⁶133{¹·ffi2}maffffl‘ffl·&mi

180 3250 274 3318 φωναί
288 3249 320 3302 R.
332 3281 365 3290 —-
376 3199 420 3304 -21ρ
430 3199 620 3320 ἀπολόΐνοίριος
633 3199 686 3302 ΙιρΜ
699 3199 934 3317 διῖόλλινοίριοςρΕ
949 3199 1197 3320 ἀτίολληνόριοςδί.

178 3352 214 3360 -
233 3326 267 3373 22
285 3319 431 3385 λαοδικίας
449 3323 543 3392 (λαωδ.
557 3320 594 3390 A)
612 3320 789 3374 ACF'LNPR
807 3323 992 3390 compendiose
1009 3323 1101 3391 script.
1116 3323 1148 3376 τ’ττ
1162 3323 1196 3376 Β.

179 3422 214 3431 -
235 3397 269 3444 24
288 3391 471 3465 έψυχωμένην
490 3392 619 3446 BDLPV
628 3392 694 3445 Exc.
719 3391 922 3463 έμψυχοιμένην
940 3393 1000 3446 rell.
1012 3393 1117 3447 Theod.

253 3540 268 3588 2
288 3533 474 3602 ἀνθρωπίνου
486 3534 624 3590 PTheod.
643 3566 679 3574 —
697 3540 715 3588 ό
734 3531 807 3603 μόνη
821 3533 851 3588 P.
871 3566 905 3574 -
926 3540 959 3588 20
977 3542 1026 3605 τῆς
1041 3534 1199 3603 ἀνθρωπό·

181 3624 262 3674 τητος
279 3605 310 3660 τὸ
330 3607 361 3661 δὲ
380 3614 428 3676 τῆς
445 3605 581 3675 θεότητος
599 3605 735 3659 PTheod.
