2617 3909
526 256 716 307 nomon
1064 255 1127 319 691
1163 235 1166 240 ’
1233 334 1236 338 7

114 402 190 486 αὐτῇ
214 412 267 482 τῆς
289 401 338 464 ἐπὶ
360 407 421 475 τοῖς
444 401 600 481 μέλλουσιν
625 401 745 483 ἀγαθῆς
768 402 885 476 ἐλπίδος
903 403 1040 483 ἐλεεινήν·
1056 403 1129 465 ἀπό-

113 518 240 582 γνωσιν;
273 499 343 579 μετὰ
370 497 402 560 δὲ
430 499 486 578 τήν
512 499 674 580 γινομένην
701 500 774 561 κατὰ
803 501 855 562 τὸν
887 499 958 582 ἀέρα
990 503 1064 583 πρὸς
1094 502 1132 562 τά

113 597 299 677 πνευματικὰ
325 607 379 677 τῆς
405 600 551 678 πονηρίας
574 598 735 679 διάγνωσίν
761 620 789 658 τε
816 597 867 658 καὶ
894 598 1087 679 λογοθέτησιν
1110 597 1130 678 ἡ

113 695 189 777 πρὸς
216 695 267 757 τόν
295 691 375 780 ᾅδην
401 695 586 769 κατάπτωσις
615 694 778 775 διαδέχεται
805 694 856 756 καὶ
882 699 1072 777 παραίτησις,
1100 696 1132 758 ἐν

114 781 252 877 ᾧσκότητ
275 795 371 872 βαθεῖ
388 792 439 854 καὶ
461 793 612 877 βαρυτάτη
630 802 699 877 σιγή
718 793 834 874 τροφήν
852 793 969 873 ἔχουσιν
992 797 1026 854 αἱ
1042 793 1132 855 ἐκεῖσε
1159 815 1171 855 τ

114 889 396 970 καταδεδικασμέναι
422 890 519 971 ψυχαὶ
545 891 615 963 τούς
641 891 838 972 δριμυτάτους
869 891 1050 972 στεναγμούς
1080 890 1132 952 καὶ

114 988 150 1048 τὰ
172 989 334 1070 πικρότατα
358 989 474 1070 δάκρυα
500 987 551 1049 καί
578 987 633 1066 τήν
661 986 709 1050 ἐπὶ
736 994 798 1061 τοῖς
825 988 934 1062 δεινοῖς
957 989 1131 1069 κατήφειαν,

114 1085 303 1167 ἐκδεχόμεναι
330 1086 381 1148 διὰ
406 1087 518 1160 παντὸς
545 1084 635 1147 οὐδέν
665 1083 735 1148 ἀλλο
762 1084 783 1166 ή
812 1087 908 1165 μόνην
934 1087 989 1165 τήν
1021 1086 1069 1148 ἐπί
1096 1095 1132 1172 τή
1146 1109 1186 1150 εει
1199 1109 1231 1147 ω.

114 1186 186 1268 θείμ
212 1184 311 1269 ψήφῳ
338 1185 456 1245 δικαίαν
484 1183 692 1246 ἀνταπόδοσιν.
737 1184 849 1262 ταύτην
876 1175 932 1244 ούν
960 1183 1132 1264 συνίστησιν

115 1281 218 1353 αύτοῖς
239 1282 295 1360 τήν
317 1279 470 1343 ἄπαυστον
492 1281 592 1360 λύπην
614 1281 665 1342 καὶ
691 1279 806 1361 ὀδύνην
829 1280 849 1361 ή
872 1292 925 1362 τής
947 1281 1132 1356 ἀναστάσεως
1147 1303 1173 1343 10

116 1378 208 1458 ἐλπίς,
231 1376 250 1458 ή
274 1389 327 1458 τῆς
349 1381 480 1462 φοβερᾶς
502 1384 634 1462 Χριστοῦ
655 1381 822 1460 παρουσίας
844 1377 953 1460 ήμέρα,
975 1377 996 1458 ή
1019 1403 1133 1460 φρικω-

116 1477 240 1554 δεστάτη
262 1476 444 1558 παράστασις
461 1476 511 1538 καὶ
533 1477 601 1560 περί
623 1486 682 1538 τῶν
706 1477 895 1557 βεβιωμένων
916 1479 1036 1539 πάντων
1059 1476 1133 1550 ἀπο-

117 1574 210 1654 λογία,
233 1570 306 1634 καθ’
327 1572 367 1653 ήν
389 1576 422 1636 οί
442 1573 495 1654 μέν
517 1575 551 1637 ἐκ
574 1576 678 1648 δεξιῶν
702 1583 755 1636 τοῦ
778 1585 880 1658 κριτοῦ
903 1575 1060 1648 σταθέντες
1081 1575 1134 1654 λή
1197 1607 1199 1610 ·

117 1685 229 1749 φονται
256 1681 315 1732 τῶν
337 1671 514 1754 ἀπορρήτων
537 1671 663 1754 ἀγαθῦν
686 1673 737 1746 τὰς
759 1672 946 1754 ἐπαγγελίας,
974 1676 1003 1734 οί
1026 1672 1058 1734 δὲ
1078 1673 1134 1752 τήν

37 1842 40 1846 A
116 1767 272 1851 ἀριστεράν
300 1771 403 1832 στάσιν
430 1770 565 1851 λαχόντες
587 1769 620 1832 τὸ
642 1779 703 1852 πῦρ
726 1771 758 1831 τὸ
782 1772 905 1832 αιόόνιον
927 1770 978 1832 καί
1004 1772 1036 1832 τὸ
1064 1771 1134 1845 ἐξώ-
1149 1791 1173 1832 1⁶

116 1888 201 1947 τερον
229 1867 332 1940 σκότος
358 1868 409 1929 καὶ
436 1868 487 1930 τὸν
515 1867 678 1947 ἀκοίμητον
706 1869 842 1947 σκώληκα
869 1868 921 1930 τόν
948 1891 976 1930 τε
1000 1867 1134 1949 βρυγμὸν

117 1973 177 2024 τῶν
200 1961 332 2027 όδόντων
359 1965 410 2027 καί
434 1966 467 2028 τὸ
495 1964 629 2045 διηνεκές
651 1966 783 2046 δάκρυον
810 1965 860 2026 καὶ
887 1965 942 2045 τήν
970 1965 1137 2047 ἀπέραντον

117 2062 263 2142 αἰσχύνην
285 2086 315 2124 τε
337 2063 388 2124 καλ
410 2064 540 2125 κόλασιν.

189 2163 288 2220 Ταῦτα
310 2160 348 2238 δή
372 2169 464 2221 ταῦτα
486 2169 703 2242 προεννοοῦσαι
725 2159 775 2220 καί
802 2160 1035 2240 διαλογιζόμενοι
1058 2159 1135 2220 εἰκό·

118 2280 176 2330 τως
198 2263 348 2318 πενθοῦσι
366 2256 416 2318 καλ
439 2256 641 2339 ἀποδύρονται
664 2255 704 2330 ὡς
726 2256 968 2339 κατακεκριμένον
991 2255 1041 2317 καὶ
1063 2256 1134 2318 ἀνα·
1150 2277 1175 2318 κο

119 2353 281 2434 πολόγητοι
303 2353 354 2414 καί
377 2353 452 2432 μηδὲ
474 2363 528 2416 τοῦ
546 2364 645 2432 σοφοῦ
668 2354 723 2432 τήν
742 2355 935 2416 διδασκαλίαν
957 2353 1136 2427 ἀκούσαντες

118 2449 267 2531 λέγοντος·
293 2452 399 2531 πάντα,
423 2451 478 2512 ὅσα
500 2449 539 2512 διν
561 2453 634 2536 εόρη
653 2449 673 2530 ή
692 2453 751 2533 χείρ
771 2470 826 2513 σου
849 2462 901 2514 τοῦ
924 2462 1057 2532 ποιῆσαι,
1080 2453 1135 2531 όση

120 2567 168 2610 σοι
191 2549 318 2628 δύναμις
340 2551 477 2628 ποίησον,
500 2549 545 2612 ότι
568 2547 624 2611 ούκ
642 2549 702 2611 ε’στι
725 2551 838 2629 ποίημα
857 2550 907 2612 καί
929 2553 1068 2632 λογισμὸς
1086 2549 1136 2611 καὶ

118 2656 228 2728 γνῶσις
250 2646 299 2707 καὶ
322 2648 415 2725 σοφία
437 2647 470 2709 έν
493 2641 568 2731 ήδη,
596 2647 673 2708 ὅπου
702 2647 739 2708 σύ
767 2649 879 2733 πορεύη
907 2648 972 2710 ἐκεῖ.
1019 2648 1135 2730 ἐπείπερ

120 2744 178 2806 ούκ
200 2744 278 2805 ἔστιν
301 2743 334 2804 έν
356 2751 396 2828 τῷ
416 2745 538 2830 θανάτηο
560 2743 576 2806 δ
600 2746 796 2824 μνημονεύων
820 2764 885 2824 σου,
908 2746 940 2807 ἐν
964 2744 995 2807 δὲ
1018 2752 1057 2830 τῷ
1077 2741 1136 2830 ξίδη
1151 2767 1178 2806 25

193 2922 226 2969 τε
245 2914 320 2970 Ειο.
337 2921 361 2983 ο,
378 2921 419 2970 10.
438 2948 473 2956 -
493 2923 528 2969 τι
545 2916 648 2971 Ριιιω.
665 2922 691 2984 ο,
706 2922 729 2969 ο.

119 3093 122 3098 -
195 3065 208 3111 1
228 3058 290 3182 mi}
308 3067 367 3121 τοῖς
379 3057 438 3111 AR.
453 3090 487 3098 —
507 3058 621 3128 ἀγαθῆς
639 3062 668 3128 (η
686 3061 718 3112 ι’νι
736 3057 822 3128 limo
842 3059 965 3127 ἀγαθοῖς
982 3057 1005 3110 Β
1024 3063 1049 3112 ελ
1066 3073 1136 3112 rece:

141 3129 249 3196 lerique
291 3145 334 3182 ax.
346 3161 381 3168 -
395 3134 411 3182 ό
426 3129 540 3200 ἔχουσαι
554 3129 577 3183 Β
591 3137 616 3185 τί
628 3145 699 3184 rece.
711 3129 827 3196 quidam
840 3128 1138 3200 (διάγουσι-ἔχουσαι

152 3202 214 3267 az).
229 3233 264 3240 —
283 3204 299 3252 8
319 3197 337 3267 ἢ
355 3197 445 3269 μόνην
463 3200 514 3289 τήν
533 3200 711 3270 ἐπιτήμησιν·
731 3199 839 3272 ἀψήφφ
854 3197 970 3254 δικαίαν
984 3201 1043 3254 ἀντ.
1059 3199 1087 3253 O.
1104 3233 1137 3241 -

121 3278 138 3325 9
157 3269 205 3326 θι’
239 3271 398 3324 ABPMax.
418 3275 517 3327 δικαια
530 3271 591 3326 rell.
607 3303 641 3312 —-
662 3277 694 3325 16
714 3273 763 3325 καλ
780 3271 830 3326 τὸν
844 3268 910 3325 ἀκοί
930 3290 997 3339 ητον
1012 3272 1137 3340 σκώληκα

120 3341 198 3394 ΑΒΡ
232 3342 306 3396 Mam.
326 3359 376 3398 om.
391 3341 451 3395 roll.
471 3326 508 3383 -⁴
530 3349 563 3396 22
583 3341 633 3411 ὅση
656 3339 778 3412 δύναμίς
801 3360 851 3396 σου
869 3291 987 3411 ποίήσον
1006 3341 1136 3396 ΡΒΕοσί.

120 3444 158 3454 -
178 3418 212 3466 25
233 3413 295 3483 σου]
315 3430 360 3467 σοι
377 3411 437 3466 EG.
471 3416 508 3467 1η
526 3413 551 3467 Ι)
571 3431 622 3468 σου
640 3431 675 3470 ιιι.
690 3416 709 3467 2
727 3431 805 3481 τοοκ,
824 3430 857 3468 εκ
876 3431 920 3468 σοι
937 3420 969 3469 υτ
985 3413 1041 3467 οιίλ.

196 3560 210 3608 λ
234 3554 285 3623 τήν
313 3554 360 3609 ἐπὶ
385 3555 496 3618 τούτοις
522 3554 619 3623 δεινήν
642 3554 800 3624 κατήφειαν
823 3555 845 3608 Ρ
874 3555 936 3624 (τὴν
960 3554 1006 3609 ἐπὶ
1030 3552 1140 3614 τούτοις

121 3624 225 3693 κατήφ.
245 3624 338 3695 Max).
358 3658 393 3665 -
412 3632 446 3679 25
465 3627 527 3697 σου]
547 3624 634 3695 φησίν
653 3626 683 3679 P.
