2617 3909
517 217 706 268 xponnzon
1054 215 1115 278 751

96 365 199 436 λάζων
231 362 377 442 ἐξαίρετον
407 361 534 444 όργανον
566 362 616 424 καί
643 363 710 423 λίαν
737 363 904 440 ἐπιτήδειον
931 372 983 423 τοῦ
1010 363 1119 442 πατρὸς

99 461 199 522 αὑτοῦ
217 460 267 522 καὶ
281 461 461 521 διδασκάλου
475 460 575 542 γέγονε
593 461 745 540 διαβόλου.
781 459 831 522 καλ
845 460 900 542 γὰρ
917 461 960 533 είς
972 461 1120 539 τοσαύτην

101 557 253 619 ἀπόνοιαν
281 557 330 618 καί
357 559 565 637 παραπληξίαν
592 558 755 639 ἐξώκειλεν,
788 557 828 632 ὡς
855 558 905 620 καί
932 558 1046 637 θεσμὸν
1073 557 1120 620 &ul

101 661 182 718 λαοῦ
199 656 363 718 καθολικδν
382 655 537 734 ἐκθέσθαι,
557 655 597 735 μὴ
616 656 756 738 λέγεσθαί
767 681 833 718 τινα
851 667 910 718 τῶν
925 657 1122 738 θεραπόντων

100 756 212 834 κυρίου
239 754 272 815 τὸ
299 754 441 836 παράπαν
469 754 569 834 ἅγιον,
601 753 674 815 ἀλλὰ
706 755 755 816 καὶ
787 754 822 815 τὰ
849 757 975 833 λείψανα
1008 755 1121 815 τούτων
1149 776 1161 816 ι

101 852 299 933 εὑρισκόμενα
318 852 515 912 διαπτὺεσθαι
537 850 587 913 καλ
605 851 679 930 μηδὲ
698 855 855 933 πρεσβείαν
873 854 972 915 αὐτῶν
990 853 1121 927 ἐξαιτεῖν.

104 948 197 1012 οὐδέν
220 949 276 1031 γὰρ
301 950 462 1030 ίσχὺονσιν.
507 943 569 1010 εἶτα
590 949 733 1031 προσθείς
756 948 772 1011 δ
795 950 914 1024 ἀνόσιος
936 950 986 1013 καί
1008 949 1122 1031 παμβί-

103 1051 199 1129 βηλος
226 1046 312 1130 λέγει·
342 1045 416 1127 μηδέ
443 1057 496 1126 τῆς
519 1047 643 1126 Μαρίας
670 1047 866 1110 ἕπικαλείσθω
888 1074 932 1122 τις
955 1051 1122 1129 πρεσβείαν,

103 1147 143 1208 οὑ
161 1145 217 1228 γὰρ
237 1147 362 1207 δύναται
380 1148 508 1226 βοηθεῖν
526 1168 594 1224 τινι,
613 1139 683 1224 μηδ’
701 1138 739 1206 αὑ
758 1147 847 1208 πόλιν
865 1148 1009 1209 θεοτόκον
1028 1147 1122 1224 αὑτὴν

104 1243 306 1323 ὀνομαζέσθω.
343 1243 393 1305 καλ
412 1244 450 1324 δὴ
472 1242 572 1323 λαβὼν
594 1243 627 1304 ἕν
644 1243 718 1322 χειρὶ
741 1245 898 1323 βαλάντιον
921 1250 1030 1325 πλῆρες
1052 1267 1121 1324 χρυ·
1136 1265 1249 1307 moun.

105 1344 175 1404 σίου
203 1341 253 1402 καί
280 1341 440 1415 ὑποδείξας
467 1340 539 1401 αὑτὸ
567 1351 658 1401 πᾶσιν
685 1338 784 1422 ἤρετο·
812 1344 892 1415 τίνος
919 1340 1002 1416 όίξιόν
1030 1342 1123 1415 έστινς

105 1449 166 1500 τῶν
190 1438 221 1501 δέ
244 1444 356 1500 πολλοῦ
379 1439 539 1517 εἰπόντων,
561 1439 693 1512 κενώσας
715 1439 747 1500 τδ
769 1441 891 1521 χρυσίον
913 1441 1002 1500 πάλιν
1024 1438 1123 1522 ἤρετο·

106 1538 189 1610 τίνος
212 1535 290 1598 ἐστίν
313 1535 414 1612 όξιον;
437 1535 487 1597 καί
510 1535 658 1618 λέγουσιν·
683 1537 814 1610 οὐδενός.
855 1538 959 1617 οὑτως,
983 1537 1051 1617 ἔφη,
1075 1536 1125 1599 καλ

106 1632 127 1712 ὑ
147 1634 256 1716 Μαρία
283 1628 335 1716 (οὑ
358 1634 414 1716 γὰρ
437 1635 581 1697 θεοτόκον
605 1632 732 1708 δόίθεος
754 1634 841 1715 ἠξίου
862 1629 970 1717 λέγειν)
993 1634 1048 1709 ἕως
1071 1633 1125 1714 μὲν

108 1727 166 1812 εἶχε
189 1732 242 1794 τδν
265 1732 394 1812 Χριστὸν
418 1732 450 1793 έν
472 1732 561 1817 ἑαυτῇ
585 1732 759 1814 τετιμημένη
783 1732 930 1815 ὑπῆρχεν,
957 1727 1011 1811 ἀφ’
1033 1727 1069 1794 οὑ
1093 1732 1125 1794 δέ
1139 1755 1165 1795 ιε

107 1839 214 1892 τοῦτον
241 1828 393 1910 ἀπέτεκεν,
426 1829 515 1892 οὐδὲν
542 1841 601 1892 τῶν
629 1837 742 1893 λοιπῶν
768 1841 920 1913 γυναικῶν
948 1831 1125 1912 διενήνοχεν.

110 1938 168 2006 φεῦ
192 1938 244 2007 τῆς
267 1934 414 2009 τολμηρᾶς
437 1930 610 2008 δυσφημίας
632 1939 685 1991 τοῦ
709 1931 967 2011 σαρακηνοπίστου
990 1929 1039 1990 καὶ
1063 1930 1125 1990 ἰου-

108 2027 299 2108 δαιόφρονος.
343 2026 380 2088 οὑ
403 2026 459 2108 γὰρ
482 2019 521 2105 ἦν
543 2027 719 2107 χριστιανός,
743 2025 783 2105 μὴ
802 2025 927 2108 γένοιτο,
949 2025 1022 2086 ἀλλὰ
1040 2028 1126 2086 Παυ-

110 2124 242 2197 λικιοίνος
259 2122 291 2203 η’,
310 2125 342 2186 τό
361 2147 392 2204 με
411 2123 609 2203 ἀληθέστερον
628 2125 722 2186 εἰπεῖν
739 2122 790 2185 καλ
803 2123 989 2204 οἰκειότερον,
1007 2124 1126 2185 εἰδωλο-

111 2222 218 2301 λοίτρης
236 2221 286 2282 καί
305 2221 457 2300 δαιμόνων
475 2220 624 2302 ὑπηρέτης
641 2219 692 2281 καί
709 2220 961 2306 ἀνθρωποθὺτης.
997 2222 1052 2300 την
1071 2221 1126 2302 χδιρ
1141 2245 1167 2284 ιο

182 2407 268 2455 7-17
289 2401 498 2456 Thoosterictus
517 2402 535 2457 λ.
550 2403 566 2455 λ.

180 2577 196 2624 3
216 2571 318 2638 δεσμὸν
342 2569 483 2624 GENLR.
508 2602 541 2610 -
566 2575 618 2623 3.4
637 2570 793 2625 καθολικδν
816 2571 862 2625 ἐπὶ
884 2573 954 2625 λαοῦ
976 2569 1072 2623 BMR.
1093 2602 1126 2610 -

111 2640 245 2709 όκυρίου
264 2642 340 2694 ΑΒΡ
353 2642 418 2695 Exn.
435 2642 470 2695 de
484 2642 546 2694 virt.
575 2650 625 2695 τοῦ
649 2639 749 2709 κυρίου
772 2641 831 2695 rell.
861 2673 895 2682 -
924 2647 938 2694 7
963 2641 1016 2711 γάρ
1041 2659 1126 2711 φησιν

111 2714 253 2806 ίσχόουσιν
272 2713 327 2766 PV.
347 2745 381 2753 -
402 2719 417 2766 8
436 2733 478 2774 τις
495 2717 564 2767 m.2
583 2720 615 2767 ut
631 2714 686 2766 οτίί.
706 2731 739 2767 κιο
758 2713 824 2766 τιΡ
846 2712 898 2782 τὴν
917 2713 948 2767 Β.
969 2745 1002 2753 -
1023 2719 1038 2766 9
1057 2709 1123 2782 μηδ’

111 2782 381 2854 αυ-όνομαζέσθω
399 2802 450 2838 om.
470 2785 500 2839 L.
525 2816 558 2824 -
581 2782 719 2845 θεοτόκος
737 2785 807 2855 αὑτῇ
826 2784 892 2838 Exc.
912 2817 946 2826 —
972 2789 1005 2838 10
1024 2783 1127 2853 ὄνομα·

111 2853 198 2922 ζέσθω
218 2855 295 2909 BCP
313 2863 338 2910 et
355 2871 426 2909 rece.
440 2855 569 2910 nonnulli
586 2855 651 2908 Exc.
678 2854 867 2922 ὀνομάζεσθαι
885 2855 995 2908 AEMV
1013 2862 1039 2908 et
1055 2872 1126 2909 neco.

111 2927 161 2984 alii
185 2925 339 2995 όνομαζέτω
358 2927 382 2979 Ι)
408 2925 608 2996 (ὀνομάζεσθαι
626 2926 729 2994 ἤθελεν
748 2926 879 2996 Theon).
903 2959 938 2966 -
961 2925 1127 2998 βαλλάντιον

111 2999 165 3053 MV
184 2998 334 3069 βαλλάτιον
348 2998 413 3052 Exn.
435 3031 468 3039 -
489 3006 522 3053 13
542 2998 615 3052 ἐστίν
634 3016 685 3053 om.
701 2998 800 3052 AExc.
820 3005 845 3052 et
862 3014 933 3053 rece.
948 2998 1072 3065 quidam.
1092 3031 1127 3038 —

113 3070 181 3139 14η
206 3087 256 3124 om.
278 3068 299 3123 G
321 3076 346 3123 et
368 3086 438 3124 rece.
458 3070 589 3138 quidam
612 3071 644 3123 in
667 3086 737 3122 rene.
758 3069 822 3122 ah'is
846 3075 911 3123 νκ.1
935 3087 989 3137 ομν.
1006 3087 1071 3123 νινε.
1094 3101 1126 3110 -

112 3140 191 3211 ἠξίου
214 3139 303 3210 λέγειν
327 3139 342 3195 δ
364 3141 492 3204 ἄθεοςΙι
515 3147 540 3195 et
557 3157 627 3195 rece.
648 3141 765 3210 quidam
789 3140 878 3210 λέγειν
899 3137 980 3209 ἠξίου
1004 3140 1019 3194 δ
1039 3141 1128 3202 ἄθεος

112 3230 180 3267 σευυ.
194 3212 256 3266 rell.
271 3243 304 3252 -
325 3218 358 3265 15
373 3213 404 3267 ἐν
418 3213 489 3283 αὐτῇ
503 3211 580 3266 BGL
590 3213 655 3266 Exn.
673 3245 706 3253 -
727 3218 759 3265 16
775 3211 920 3282 διενήνοχε
935 3221 1077 3282 γυναικῶν
1091 3213 1125 3267 N.

115 3317 146 3324 —
165 3290 198 3338 18
217 3284 402 3345 παυλικιαυδς
419 3284 480 3337 ER.
506 3315 540 3324 -
565 3289 599 3336 20
617 3284 668 3353 τὴν
687 3283 739 3352 μὲν
762 3283 815 3353 γὰρ
834 3283 936 3337 ELRV
959 3283 1010 3352 τὴν
1028 3284 1079 3352 μέν
1098 3284 1127 3338 Ο.

183 3458 197 3505 7
218 3455 266 3506 καί
284 3451 460 3524 παμβέβηλος
478 3470 529 3507 om.
543 3453 574 3505 P.
596 3485 625 3492 —
647 3458 663 3505 9
682 3452 747 3507 τινοί
765 3452 794 3505 Ρ.
811 3484 846 3492 -
866 3458 953 3506 18.19
968 3452 1128 3522 χριστιανδς

115 3523 352 3649 βίλέβῖνχρηρχμλνὸὲ
371 3526 419 3578 καί
442 3523 631 3596 χρυσολότρης
648 3523 666 3592 ἢ
685 3523 717 3578 τό
737 3543 767 3594 χε
787 3524 870 3592 ἀληθ.
890 3525 939 3578 καλ
958 3523 1128 3592 οἰκειότερον

166 3693 309 3744 Georgius
323 3696 483 3736 Monachus
498 3696 533 3736 ed.
544 3695 572 3735 do
587 3697 653 3737 Boot.
668 3696 699 3736 11.
932 3689 966 3737 48
