2617 3909
537 235 727 286 XPONIKON
1075 233 1137 297 755

11 407 19 437 τ·
117 381 220 463 ἕτερον
238 383 425 462 παρανομίας
443 376 529 454 είδος.
567 381 704 442 ἀνελθὼν
723 381 778 463 γὰρ
795 379 935 460 ἀθέσμως
953 380 1002 442 καί
1016 381 1139 462 ἀνιέρως

24 505 29 516 ’
118 481 154 542 ἐν
173 487 212 564 τῷ
227 479 344 560 ἀμβωνι
361 490 556 562 χειροκρατῶν
571 485 799 541 Κωνσταντῖνον
818 479 979 540 ἐπίσκοπον
993 489 1045 540 τοῦ
1060 485 1139 540 Συλ-

11 604 30 635 ÷=.
118 581 208 640 λαίου
226 579 386 660 γενόμενον
405 579 571 657 ἐξεφάνησε
591 577 661 657 μετὰ
675 587 807 657 κραυγῆς
822 578 960 658 μεγάλης·
980 582 1140 639 Κωνσταν-

23 705 29 713 ’
118 679 206 739 τίνου
225 678 434 756 οίκουμενικοῦ
453 677 636 758 πατριάρχου
654 675 747 736 πολλὰ
768 675 802 735 τὰ
821 675 881 754 ἐτη,
904 675 1031 753 ποιήσας
1050 675 1140 736 αὐτὸν

22 824 24 835 .
119 777 218 854 δῆθεν
237 776 421 856 πατριάρχην
438 773 454 836 δ
469 772 724 853 πεφενακισμένος
742 772 792 833 καὶ
811 775 1004 855 ματαιόφρων
1023 773 1051 847 ἐξ
1066 772 1141 834 ὑπο·
1168 795 1179 835 ε

11 882 27 929 θ,
119 875 213 953 βολῆς
235 883 295 934 τῶν
313 872 441 954 ἀνιέρων
464 872 515 933 καὶ
537 872 764 953 χριστεμπόρων.
805 870 872 951 περὶ
895 863 938 931 ὧν
961 872 1082 944 δικαίως
1105 868 1142 932 ἀν

11 1004 22 1035 7¹
119 969 228 1044 λέξειεν
247 968 263 1031 ό
283 968 337 1049 μέν
353 965 500 1048 Ἰεζεκιῆλ·
524 971 593 1031 τάδε
610 968 686 1051 λέγει
704 971 820 1049 κύριος·
840 971 871 1030 οἱ
887 971 973 1051 ἱερεῖς
990 967 1142 1049 ἠθέτησαν

19 1103 26 1121 r
119 1069 216 1147 νόμον
239 1092 298 1149 μου
325 1068 376 1128 καί
405 1069 569 1149 ἐβεβῆλουν
596 1067 631 1128 τὰ
653 1069 723 1149 ἀγιά
747 1090 814 1146 μου.
859 1066 917 1128 ἀνὰ
943 1065 1032 1146 μέσον
1055 1065 1142 1148 άγίον

11 1204 22 1235 ς
119 1166 172 1228 καλ
194 1167 324 1247 βεβήλου
347 1167 383 1228 ού
407 1165 586 1245 διέστελλον,
614 1164 665 1226 καὶ
692 1164 750 1226 ἀνὰ
778 1164 868 1245 μέσον
893 1164 1065 1246 ἀκαθάρτου
1092 1164 1143 1225 καί

11 1300 25 1334 ς
120 1270 261 1344 καθαροῦ
292 1265 328 1325 ού
359 1263 516 1343 διέκρινον.
563 1263 579 1325 ὁ
603 1262 635 1325 δὲ
663 1263 752 1346 μέγας
775 1264 891 1340 Δανιὴλ
917 1262 1144 1344 ἐμβριθέστερον
1158 1286 1183 1325 ιο

121 1362 314 1440 στηλιτεύσειε
338 1363 477 1440 φάσκων·
507 1362 632 1441 ἐξῆλθεν
660 1361 770 1441 ἀνομία
797 1361 830 1422 ἐκ
852 1360 1057 1442 πρεσβυτέρων
1080 1384 1143 1440 κρι-

122 1470 197 1539 τῶν,
226 1462 256 1520 οἳ
282 1459 411 1522 ἐδόκουν
439 1459 491 1521 τὸν
516 1461 589 1521 λαὸν
616 1462 772 1541 κυβερνᾶν.
819 1456 911 1530 ’όντως
938 1458 994 1539 γὰρ
1021 1457 1144 1538 ἀληθῶς

11 1580 24 1646 χ
123 1551 206 1619 οὗτοι
233 1555 398 1636 συνέλαβον
427 1557 523 1618 πόνον
550 1557 600 1617 καί
627 1557 726 1618 ἔτεκον
753 1557 896 1637 ἀνομίαν,
924 1556 1031 1638 ἐπειδὴΙ
1049 1555 1084 1616 τὰ
1107 1565 1144 1640 τῆ

124 1656 270 1738 ἱερωσύνῃ
299 1654 349 1716 καὶ
379 1661 440 1728 τοῖς
463 1657 559 1728 θείοις
581 1657 705 1717 κανόσιν
728 1655 905 1734 ἀνακείμενα
928 1660 1041 1728 λαϊκοῖς
1062 1678 1142 1734 χαρι-

11 1797 17 1830 7.
124 1755 240 1832 ζόμενοι
267 1752 427 1833 ἐπέτρεπον
454 1753 601 1815 ἐπιτελεῖν.
647 1753 697 1814 καί
720 1753 896 1832 θαυμαστόν
919 1776 950 1835 γε
974 1751 1071 1814 οὐδέν.
1117 1753 1144 1813 εί
1158 1773 1183 1814 ιι

122 1850 178 1933 γὰρ
199 1851 251 1913 τὸν
270 1852 338 1914 υἱὸν
356 1862 409 1912 τοῦ
428 1858 504 1913 θεοῦ
528 1861 731 1931 καταπατῆσαι
754 1851 804 1912 διὰ
822 1861 875 1930 τῆς
893 1851 968 1932 πρὸς
986 1850 1042 1929 τῆν
1061 1849 1143 1932 ἱερὰν

12 2021 13 2024 ¹
124 1950 216 2011 αὐτοῦ
238 1950 340 2012 εἰκόνα
364 1950 479 2030 ὕβρεως
501 1949 552 2010 καί
575 1948 775 2030 καθαιρέσεως
798 1949 835 2010 ού
858 1951 1052 2027 πεφρίκασιν,
1080 1957 1143 2021 πῶς

11 2046 16 2139 J
123 2045 161 2108 ἀν
183 2057 236 2127 τῆς
259 2048 423 2127 ἱερωσύνης
446 2047 540 2109 αὐτοῦ
562 2047 732 2124 ἐφείσαντο;
761 2047 805 2118 τίς
828 2039 884 2108 οὖν
907 2046 963 2108 ούκ
986 2046 1143 2126 ἐκπλαγείη

124 2144 173 2206 καί
193 2147 323 2227 φρίξειεν
344 2145 465 2206 ἀκούων
488 2145 538 2205 καὶ
558 2143 675 2224 βλέπων
693 2143 745 2206 τὸν
764 2143 970 2224 ἀσπιδοφόρον
990 2141 1144 2224 ἱεροθέτην

124 2242 175 2304 καὶ
198 2244 250 2305 τὸν
268 2241 409 2316 πολέμοις
434 2241 609 2323 ἐσχολακότα
631 2240 682 2302 καὶ
705 2241 812 2318 φόνοις
835 2241 1037 2322 ἱεροτελεστῆν.
1079 2234 1140 2301 ἀλλ’
1158 2263 1184 2302 ιο

200 2439 214 2487 ’λ
235 2432 281 2485 Ετ.
302 2438 346 2499 22,
366 2437 410 2484 26.
431 2463 464 2472 —
488 2437 520 2484 11
541 2431 670 2484 Susanna
689 2449 712 2484 v.
729 2437 752 2484 ὁ.
774 2462 807 2470 -
833 2436 865 2484 13
885 2430 988 2486 Psahn.
1005 2435 1029 2497 7,
1050 2434 1090 2482 15.
1112 2461 1143 2468 —

128 2511 231 2558 18—20
251 2503 347 2573 Steph.
363 2502 424 2556 vita
444 2502 581 2571 Stephani
599 2502 696 2572 Migne
716 2507 784 2555 1112
796 2501 823 2555 O.

199 2680 222 2727 1.
234 2678 249 2725 2
269 2673 300 2727 έν
312 2676 351 2742 τῷ
367 2672 480 2743 ἀμβωνι
493 2671 625 2740 ἀθέσμως
639 2672 688 2725 καὶ
701 2670 820 2740 ἀνιέρως
837 2687 908 2725 rece.
923 2671 1040 2741 quidam
1063 2671 1093 2726 έν
1107 2674 1145 2742 τῷ

127 2745 236 2816 ἀμβιονι
254 2762 304 2798 om.
323 2743 357 2796 N.
379 2775 412 2783 -
432 2749 447 2794 2
468 2740 598 2796 συλλαίου
613 2742 661 2796 GP
680 2749 706 2798 τί
722 2743 925 2811 κρασπέδοισι]
948 2742 1061 2797 συλλέου
1075 2742 1102 2795 N
1120 2748 1145 2796 τί

127 2833 197 2871 rece.
212 2814 340 2884 plerique
363 2811 479 2868 συλαίου
498 2814 609 2867 ABEV.
629 2846 662 2854 -
685 2819 717 2868 13
736 2821 786 2882 τῆς
805 2813 957 2882 ἱερωσύνης
974 2813 1090 2867 BGER.
1110 2844 1144 2853 -

129 2895 160 2943 19
175 2884 374 2954 ἀσπιδοφόρον
383 2885 458 2938 ΑΕΡ
469 2885 564 2954 steph.
585 2883 783 2955 ἀσπιδηφόρον
798 2885 878 2938 BRV
892 2883 1083 2954 ἀσπιδιφύρον
1094 2884 1143 2937 01)

128 2957 308 3026 ἀποδιφόρον
321 2956 358 3010 Μ.
376 2989 408 2996 -
428 2962 462 3010 20
482 2955 650 3028 ἐσχολακότα
670 2955 801 3026 πολέμοις
814 2957 848 3009 Ν.
867 2989 900 2996 -
920 2954 1144 3024 ἱεροτελέστηνὶ

128 3038 153 3086 et
169 3046 241 3084 εοοο.
256 3028 373 3098 quidam
396 3027 565 3096 ἱεροτελετήν
584 3028 606 3080 Ε
625 3045 676 3082 ουτ.
691 3028 728 3082 Μ.

200 3198 213 3243 1
239 3187 334 3257 ἕτερόν
356 3209 383 3242 τι
405 3208 472 3257 παρ.
492 3184 568 3252 εἶδος
592 3185 637 3243 ἐπ’
660 3186 767 3254 όλέθρω
791 3196 839 3258 τῆς
862 3192 1035 3258 θεοστυγοῦς
1058 3187 1145 3241 αὐτοῦ

133 3269 220 3333 ψυχῆς
239 3264 350 3330 δρᾶσαι.
383 3267 554 3332 παραχρῆμα
577 3259 630 3330 γὰρ
652 3243 782 3314 ἀνελθάιν
806 3257 937 3328 ἀθέσμως
955 3259 984 3312 Ρ.
1009 3291 1042 3300 -
1068 3264 1083 3312 3
1103 3258 1145 3322 ἐξ·

131 3333 267 3404 εφάνησε]
288 3331 343 3401 ἔφη
362 3332 391 3384 Ρ.
412 3363 445 3371 -
464 3331 584 3401 μεγάλης
602 3349 652 3386 ονε.
670 3331 693 3383 P
712 3330 826 3402 (μεγάλη
846 3339 878 3400 τῆ
898 3337 979 3400 φωνῆ
999 3329 1144 3398 Theoph.).

130 3411 214 3458 -11
235 3401 339 3474 ἀνομία
364 3402 393 3456 ἐκ
418 3403 579 3474 βαβνλῶνος
602 3403 632 3458 ἐκ
650 3403 680 3455 P.
706 3434 740 3442 —
765 3407 799 3456 14
818 3399 995 3473 χαριζόμενοι
1018 3401 1065 3454 καλ
1089 3399 1145 3453 ὑπὸ

132 3473 280 3545 φιλαρχίας
306 3473 464 3543 πιεζόμενοι
492 3475 630 3545 δυσσεβῶς
658 3471 809 3541 ἐπέτρεπον
833 3473 862 3526 Ρ,
891 3504 926 3512 -
956 3477 988 3525 15
1013 3473 1146 3525 ἐπιτελεῖν

131 3563 180 3601 om.
195 3545 224 3599 P.
240 3577 274 3586 —
294 3552 328 3598 20
344 3546 412 3600 Ροεί
425 3544 611 3612 ίεροτελεστήν
628 3545 765 3613 permulta
779 3544 839 3599 αίὶα
853 3545 933 3597 addit
946 3543 967 3595 P
987 3560 1000 3596 e
1014 3543 1147 3610 Stephani

131 3619 188 3673 vita
202 3619 307 3686 partim
324 3618 473 3685 desumpta.
504 3618 575 3670 Τκιιι
585 3619 773 3686 persequitwr:
791 3613 851 3669 ἀλλ’
869 3611 883 3668 ό
898 3633 929 3684 γε
943 3614 1081 3681 τύραννος
1099 3611 1145 3666 όν-
