2617 3909
539 256 729 308 xpomxou
1071 254 1137 320 529

125 403 296 466 ἐπιιιύλεσοιί
317 427 351 484 με
373 403 405 465 ἐν
425 401 518 488 ἡμέρᾳ
541 405 675 482 θλίψεώς
696 423 762 485 σου,
784 405 835 466 καί
855 405 1008 484 ἐξελοῶμαί
1024 423 1066 486 σε,
1088 405 1138 467 καί

125 502 259 576 δοξάσεις
283 524 325 581 με.
371 502 399 564 εἰ
425 501 466 582 μὴ
493 501 549 583 γὰρ
576 499 595 582 ἡ
623 502 705 584 τριδις
731 503 864 565 ἐνταῦθα
890 513 994 582 σαφῶς
1016 503 1138 586 ἐκηρύτ-

124 622 204 680 τετο,
236 600 294 662 ἔδει
325 600 470 682 ῥηθῆναι·
503 605 602 662 θῦσον
632 607 673 685 τῷ
698 607 761 685 θεῷ
784 603 897 663 θυσίαν
924 599 1061 675 αἰνέσεως
1087 599 1138 661 καί

125 697 243 772 ἀπόδος
261 697 313 771 τὰς
336 697 422 779 εύγώς
446 716 501 760 σου
523 697 573 760 καί
596 697 764 760 ἐπικύλεσαι
786 697 877 761 αύτδν
899 699 933 762 ἐν
954 695 1049 784 ἡμίρρι
1071 698 1137 760 θλί-
1224 780 1231 788 ¹

125 810 219 876 ψεως,
241 795 291 857 καί
312 796 448 870 ἐξελεῖταί
468 815 509 877 σε,
532 795 581 858 καί
605 797 737 871 δοξύσεις
759 797 858 859 αὐτόν.
899 791 962 858 ἀλλ’
984 797 1061 859 ούτω
1085 793 1138 876 μὲν
1165 821 1178 862 ο

126 893 183 954 ούκ
209 892 339 975 ἐρρήθη,
366 894 480 976 ε’ἰρηται
506 892 538 956 δὲ
566 893 605 968 ὡς
632 895 752 976 εἴρηται.
798 905 902 975 σαφῶς
928 895 985 978 γὰρ
1011 895 1061 957 καί
1089 892 1139 955 διδι

125 992 239 1052 τούτων
266 991 315 1052 καί
343 987 383 1053 δι’
409 989 505 1054 ύλλων
532 997 648 1054 πολλῶν
676 990 696 1071 ἡ
723 993 834 1054 παλαιδι
860 995 995 1075 κηρύττει
1018 993 1063 1055 ότι
1084 993 1139 1073 οὐχ

125 1087 193 1164 ἕνδς
220 1091 380 1171 προσώπου
407 1089 542 1173 κηρύττει
565 1091 751 1171 δεσποτείαν,
780 1090 854 1152 ἀλλὰ
874 1101 964 1174 τριῶν
987 1090 1040 1170 μὲν
1062 1091 1138 1152 διιο-

125 1188 265 1268 στύσεων,
289 1197 357 1267 μιᾶς
380 1187 412 1250 δὲ
434 1188 547 1269 οόσίας,
570 1189 621 1250 ἴνα
642 1187 693 1249 καί
712 1183 866 1250 Ἰουδαίων
888 1189 1060 1272 στηλιτεύση
1082 1188 1138 1268 την

126 1284 167 1360 ὡς
189 1280 239 1364 ἐφ’
261 1283 327 1359 ἑνός
353 1287 515 1368 προσώπου
537 1287 591 1367 οὐχ
617 1285 688 1368 ύγιῆ
712 1286 839 1348 ἔννοιαν.
885 1280 931 1359 οἷς
950 1287 1002 1347 καί
1024 1285 1137 1366 Σαβόλ-
1151 1309 1178 1350 ιο

124 1391 188 1458 λιος
214 1383 435 1464 ἠκολούθησεν,
468 1385 538 1458 ἴσως
568 1384 601 1446 ἐκ
627 1393 680 1464 τῆς
706 1381 783 1465 όίγαν
807 1393 862 1445 τοῦ
889 1383 958 1445 υίοῶ
985 1381 1060 1464 πρὸς
1086 1381 1138 1444 τδν

125 1481 236 1562 πατέρα
264 1481 396 1561 ἰσότητος
423 1482 466 1554 εἰς
491 1482 523 1544 τὸ
553 1483 623 1562 μίαν
646 1480 810 1543 ὑπόστασιν
833 1482 1005 1563 δογματίσαι
1026 1503 1137 1562 νεορω·

125 1579 193 1652 θείς
216 1580 270 1660 τὴν
293 1581 458 1641 πολοθείαν
471 1574 625 1659 Ἑλλήνων
648 1579 864 1663 ἐξωστρώκισεν.
901 1567 1138 1662 ώνἌρειοςλιαλ

125 1675 279 1757 Εύνόμιος
301 1676 433 1739 ἕύλωσαν
454 1672 530 1739 εἰναι
551 1678 689 1758 φοιτηταί
711 1677 844 1757 τὴντῶν
861 1676 1050 1740 ύπιστύσεων
1073 1678 1137 1738 δια-

125 1774 225 1857 φορὰν
256 1775 298 1850 εἰς
329 1773 384 1854 τὴν
415 1773 521 1836 ούσίαν
547 1774 722 1859 παραλόγως
748 1775 929 1849 ἑλκύσαντες.
979 1776 1007 1837 εἰ
1034 1774 1067 1838 δέ
1092 1798 1136 1849 τις
1151 1797 1176 1838 ιι

125 1874 217 1952 φαίη·
242 1871 291 1933 διὰ
313 1874 343 1933 τί
361 1872 418 1954 γίιρ
442 1873 482 1953 μὴ
506 1884 609 1952 σαφῶς
631 1873 681 1935 καί
704 1874 870 1957 διαρρήδην
888 1873 918 1946 ἐξ
936 1872 1027 1955 ἀρχῆς
1046 1882 1137 1934 ταῦτα
1150 1890 1190 1929 ῶσ
1205 1889 1235 1928 M.

124 1971 318 2053 κεκήρυκταις
349 1971 444 2050 φαίην
473 1970 516 2032 ἰίτι
540 1972 663 2050 μάλιστα
685 1969 739 2052 μὲν
761 1977 823 2045 τοίς
845 1980 972 2044 συνετῶς
994 1969 1137 2032 ἀκούουσι

125 2069 244 2150 λαμπροί
270 2067 349 2130 ἐστιν
376 2068 452 2147 αύτη
479 2067 529 2129 καί
557 2066 706 2143 ἀπόδειξις
732 2069 783 2130 καί
810 2069 996 2148 διδασκαλία,
1025 2066 1065 2140 ὡς
1087 2067 1137 2128 καί

124 2173 164 2251 τῷ
184 2173 267 2250 σοφῷ
288 2165 369 2240 ἔδοξε
394 2167 515 2227 Φίλωνι.
560 2167 588 2228 εί
610 2165 715 2228 δὲκαὶ
738 2165 991 2245 σονεσκιασμίνως
1010 2164 1136 2246 ἐρρήθη,

125 2264 220 2326 ἐκεῖνο
242 2265 410 2344 λογίζεσθαι
432 2264 498 2345 χρή,
522 2263 565 2326 ότι
585 2259 743 2337 Ἰουδαίοις
759 2269 821 2337 τοῖς
838 2265 880 2338 εἰς
902 2266 1067 2326 πολυθεΐαν
1089 2261 1136 2345 ῥί-
1150 2286 1176 2327 ιο

125 2379 215 2424 πονσι
242 2367 474 2441 νομοθετοῦντες
501 2361 557 2424 ούκ
587 2361 767 2441 ἐδοκίμασαν
794 2360 943 2445 διαφορὰν
969 2361 1137 2442 προσώπων

124 2461 304 2541 εἰσαγαγεῖν,
336 2460 386 2520 ἴνα
418 2458 459 2538 μὴ
492 2460 638 2541 διάφορον
671 2460 764 2539 φύσιν
792 2459 826 2522 ἐν
851 2465 915 2532 ταῖς
941 2457 1136 2520 δποστύσεσιν

125 2553 201 2620 εἰναι
225 2559 451 2639 δογματίσαντες
473 2559 515 2632 εἰς
538 2558 775 2638 εἰδωλολατρείαν
795 2555 990 2637 ἓλκυσθῶσιν,
1013 2554 1085 2616 ἀλλὰ
1103 2556 1135 2618 τδ

125 2665 178 2736 τῆς
206 2657 365 2737 μοναρχίας
389 2655 418 2730 ἐξ
441 2655 533 2738 ἀρχῆς
561 2655 708 2736 μαθόντες
731 2656 858 2735 μάθημα
879 2654 953 2717 κατὰ
962 2654 1081 2734 ’μικρόν
1103 2653 1136 2715 τὸ

196 2887 213 2934 4
232 2877 339 2944 ἀπόδος
357 2881 433 2954 αὐτῷ
448 2880 499 2945 τὰς
516 2881 612 2935 Flsid.
638 2878 746 2944 ἀπόδος
767 2885 806 2934 τῶ
824 2877 932 2952 ύψίστφ
949 2879 1000 2940 τὰς
1017 2877 1076 2933 RV.
1100 2910 1133 2919 -

123 2949 252 3021 θλίψεώς
275 2969 325 3006 σον
347 2951 433 3005 FPls.
458 2984 493 2992 -
520 2957 536 3005 6
560 2951 663 3022 ἐρρέθη
682 2951 761 3006 ERV
782 2936 868 3020 ἐρέθη
886 2951 919 3005 A.
948 2981 981 2990 -
1010 2949 1063 3018 γὰρ
1086 2951 1135 3004 καί

125 3022 174 3079 διὰ
192 3023 311 3077 ΑΒΡΙε.
330 3025 379 3078 καλ
397 3039 446 3077 om.
463 3023 524 3078 rell.
544 3055 577 3064 —
598 3029 612 3075 ’λ
633 3024 683 3078 διὰ
700 3026 808 3077 πολλῶν
827 3024 886 3092 (σοι.
902 3021 1002 3091 ἄλλων)
1019 3020 1078 3075 RV.
1100 3053 1135 3061 —

124 3101 140 3148 8
160 3094 287 3164 κηρύττει
305 3094 398 3148 ΒΡΙε,
423 3091 551 3164 σημαίνει
569 3094 629 3149 rell.
649 3101 674 3150 εἰ
692 3093 767 3148 Suid.
786 3111 810 3148 v.
830 3093 918 3162 ἅγιος.
938 3124 971 3133 -
996 3096 1011 3145 9
1031 3090 1090 3164 ἰνα]
1110 3092 1136 3147 εἰ

123 3166 183 3220 DF.
200 3197 233 3206 -
254 3171 286 3220 11
307 3165 371 3230 ἰσως
390 3165 420 3220 ἐιι
434 3164 552 3220 ABPIs.
578 3163 609 3230 ὃς
627 3166 697 3221 ἐκΒι
720 3163 785 3228 ἰσως
803 3163 834 3220 δέ
853 3163 884 3218 ἐκ
895 3163 957 3219 rell.
973 3195 1006 3204 -
1027 3170 1059 3216 13
1078 3172 1134 3219 τῶν

9 3236 16 3252 '
124 3236 244 3305 ἑλλήνων
262 3236 344 3292 ABV.
365 3269 398 3277 -
419 3242 451 3290 19
470 3234 570 3308 ἐρρίθη
590 3236 610 3292 O
634 3235 736 3306 ἐρρέθη
755 3234 867 3289 AERV.

197 3430 210 3476 l
231 3431 334 3493 με-4
353 3423 513 3479 ἐπικύλεσαι
532 3441 581 3480 om.
601 3423 623 3476 P
642 3439 676 3478 ιω
693 3423 843 3478 ἰιοτοοιοίιί.
862 3455 896 3462 -’
916 3427 949 3476 13
968 3422 1017 3476 ιιαλ
1034 3421 1085 3491 τὴν
1103 3441 1132 3475 π.

124 3496 174 3551 ἑλλ.
191 3494 389 3563 ἐξοστρακήσαι
403 3495 497 3566 Ρ(Ιε.).
513 3527 546 3536 -
564 3500 596 3548 21
613 3498 776 3564 νομοθετῶν
791 3493 842 3548 ούιι
856 3490 1004 3563 ἐδοκίμασε
1017 3492 1083 3546 PIs.
1099 3524 1133 3532 -

122 3567 275 3636 προσώπου
293 3566 322 3620 Ρ.
338 3598 372 3607 -
392 3573 424 3620 22
445 3564 492 3622 ἰνα
510 3566 546 3636 μὴ
566 3567 614 3620 καλ
632 3566 654 3620 Ρ
677 3563 736 3633 (ἰνα
754 3565 802 3619 καί
821 3564 858 3634 μὴ
875 3564 929 3633 Ιε,).
946 3595 982 3606 -
1001 3569 1034 3616 23
1053 3563 1133 3632 ἐγκυ-

123 3641 260 3692 λισθῶσιν
278 3637 300 3690 Ρ
319 3638 383 3708 (ἐκκ.
399 3637 452 3708 Is.).

820 3793 828 3811 Ι
921 3723 973 3776 34·
