2617 3909
520 256 710 308 Χεοατεοα
1058 253 1123 318 439

109 405 216 477 κτίσας
243 402 314 476 θεὸς
341 411 400 484 πῦρ
427 401 477 463 καλ
503 402 584 483 ὕδωρ
612 402 641 477 ἐξ
669 403 725 465 ούκ
752 402 847 465 όντων
869 402 995 481 οὐσιῶν,
1021 401 1072 463 καί
1094 402 1127 463 ἐκ

112 500 170 582 μέν
193 512 246 563 τοῦ
273 500 368 582 πυρὸς
393 511 458 580 φῶς
480 499 530 561 καὶ
553 500 637 579 ήλιον
660 500 710 562 καὶ
733 501 802 575 τούς
824 500 947 574 λοιπούς
969 509 1127 581 φωστῆρας

110 599 334 672 κατασκευάσας
365 598 441 685 λόγῳ
473 597 647 679 προσέταξεν
679 592 791 673 αύτούς
817 596 931 680 ἡμέραν
956 597 1007 659 καὶ
1034 598 1127 659 νύκτα

113 698 281 781 δᾳδουχεῖν.
319 698 445 775 τοσαύτη
468 694 524 777 γὰρ
547 695 639 758 αὑτοῦ
657 693 678 775 ή
697 698 834 777 δύναμις,
858 696 929 758 ὅσον
951 695 1001 757 καί
1023 696 1056 757 τὸ
1074 693 1126 756 θέ-

112 801 201 874 λημα.
248 794 279 855 ἐκ
306 792 337 855 δέ
365 804 418 855 τοῦ
445 794 553 867 ύδατος
580 794 612 856 τὸ
640 794 786 875 στερέωμα
812 804 865 856 τοῦ
893 794 1024 876 ούρανοῦ
1053 812 1126 871 συμ-
1153 814 1166 854 ο

111 894 211 971 πήξας
237 891 288 953 καί
313 902 372 973 γῆν
400 892 498 953 ἐπάνω
526 901 585 953 τῶν
607 891 725 954 ὑδάτων
747 892 873 973 έδράσας
895 891 1013 970 ἐποίησε
1037 890 1072 951 τά
1094 890 1127 951 ἐν

111 991 217 1063 αύτοῖς
247 990 343 1051 πάντα
374 999 578 1075 προγνωστικῇ
612 989 755 1075 ἐνεργείᾳ,
787 991 837 1052 ἴνα
866 989 883 1053 δ
911 988 1022 1069 μέλλων
1052 984 1123 1069 παρ’

112 1088 209 1150 αύτοῦ
233 1088 461 1149 διαπλάττεσθαι
483 1086 644 1169 ἀνθρωπος
667 1087 795 1168 μηδενὸς
812 1097 872 1149 τῶν
889 1086 1059 1170 ἀναγκαίων
1077 1086 1127 1147 καὶ

112 1185 328 1266 συμφερόντων
351 1186 393 1259 είς
412 1195 517 1267 χρῆσιν
536 1185 678 1265 ἐνδέηται.
714 1186 747 1247 ἐν
766 1180 811 1259 οἷς
829 1186 885 1247 δύο
903 1186 1013 1259 τόπους
1030 1184 1127 1266 εύτρε-

111 1285 205 1355 πίσας
226 1284 316 1345 πάλιν
338 1282 454 1356 ἀϊδίους
477 1280 602 1362 τὸνμὲν
624 1282 701 1361 φωτὶ
723 1284 965 1362 καταλάμπεσθαι
987 1282 1038 1343 καὶ
1055 1280 1126 1344 ἀπε-
1140 1304 1166 1343 ιο

113 1382 232 1464 ράντων
254 1380 378 1463 ἀγαθῶν
401 1380 526 1459 έμπλεον
550 1381 775 1460 κατεσκεύασεν,
802 1380 854 1441 τόν
876 1378 909 1441 δὲ
931 1380 1054 1453 σκύτους
1076 1379 1126 1439 καὶ

112 1484 289 1541 κολαστικοῦ
315 1479 411 1560 πυρὸς
438 1479 562 1541 αἰωνίου
589 1480 765 1557 πεποίηκεν,
794 1478 875 1552 ὅπως
898 1478 930 1539 οί
949 1476 1003 1557 μέν
1025 1477 1126 1559 εύαρε-

116 1576 274 1655 στήσαντες
301 1577 379 1661 αύτῷ
399 1575 449 1638 καὶ
471 1576 545 1657 πρὸς
567 1577 622 1657 τήν
644 1585 698 1637 τοῦ
721 1576 861 1657 διαβόλου
885 1576 925 1655 μή
948 1576 1126 1654 κατολισθή-

115 1694 220 1747 σαντες
238 1672 355 1752 ἀπάτην
372 1674 423 1737 τὸν
441 1684 500 1735 τῶν
515 1675 686 1756 φωσφόρων
699 1673 825 1755 ἀγαθῶν
844 1673 914 1753 μετὰ
927 1674 983 1753 τήν
1000 1673 1126 1735 ἀνάστα-

114 1792 165 1833 σιν
192 1770 390 1851 ἀπολαβόντες
416 1771 508 1834 τόπον
535 1773 662 1845 αίωνίως
689 1773 767 1857 αύτῷ
790 1773 1076 1851 σνμβασιλεύσωσιν,
1099 1772 1130 1833 οἱ
1142 1792 1167 1833 ιι

114 1868 149 1932 δὲ
180 1870 408 1951 παρορμίσαντες
435 1870 526 1933 αύτδν
553 1870 602 1931 καὶ
630 1877 669 1955 τῷ
690 1872 783 1954 ’κοινῷ
807 1869 904 1953 ἐχθρῷ
928 1869 1128 1947 ἐξακολουθή-

115 1987 219 2040 σαντες
247 1966 304 2028 σὺν
331 1967 410 2051 αύτῷ
433 1967 484 2029 καὶ
510 1968 562 2030 τὸν
586 1978 645 2029 τῶν
668 1967 905 2049 σκοτεινοφόρων
927 1968 1128 2049 κολαστηρίων

114 2065 312 2144 ἀπειληφότες
341 2074 437 2145 γῦρον
466 2064 660 2145 ἀτελευτήτως
686 2064 902 2127 ἀπολαύσωσιν.
953 2065 1129 2145 διαχωρίσας

115 2162 150 2225 δέ
172 2184 204 2244 γε
227 2162 259 2224 τὸ
282 2172 341 2245 πῦρ
364 2162 468 2227 καὶτὸ
491 2164 587 2246 ὕδωρ,
615 2163 712 2244 ὥσπερ
735 2163 766 2226 τὸ
795 2172 861 2241 φῦς
887 2160 991 2224 καὶτὸ
1015 2160 1128 2239 σκότος,

115 2261 336 2342 κατεκερμάτισε
368 2270 459 2322 ταῦτα
490 2261 563 2322 κατὰ
590 2261 687 2340 πάσης
714 2260 806 2322 αύτοῦ
834 2269 886 2340 τῆς
913 2260 1047 2339 κτίσεως,
1078 2257 1169 2320 καίεο

116 2360 197 2421 έστιν
220 2360 301 2440 ύδωρ
323 2358 461 2439 ὑπεράνω
483 2368 535 2421 τοῦ
558 2359 754 2440 στερεώματος
773 2357 823 2419 καλ
841 2367 901 2439 πῦρ
919 2356 1057 2419 ὑποκάτω
1076 2365 1129 2417 τοῦ

116 2458 328 2537 στερεοόματος,
352 2456 369 2517 ό
391 2456 469 2518 ἐστιν
492 2456 599 2537 αίθήρ,
622 2454 672 2516 καὶ
695 2456 773 2517 ἔστιν
795 2456 877 2538 ὕδωρ
899 2454 949 2517 καλ
971 2464 1032 2535 πῦρ
1054 2454 1129 2516 ὑπο-

115 2554 203 2615 κάτω.
218 2562 271 2633 της
292 2564 355 2635 γῆς.
401 2553 451 2616 καὶ
473 2554 505 2616 τὸ
529 2552 582 2633 μέν
605 2552 704 2615 ἐπάνω
727 2563 780 2633 τῆς
801 2562 857 2635 γῆς
878 2554 960 2634 ύδωρ
979 2549 1129 2633 συναχθὲν

115 2652 159 2725 είς
183 2651 361 2733 συναγωγήν
381 2654 452 2731 μίαν
470 2653 606 2713 θάλασσα
624 2652 866 2733 προσηγορεύθη,
889 2650 920 2712 τὸ
940 2649 973 2712 δὲ
990 2650 1129 2712 ὑποκάτω
1142 2665 1182 2704 ³3⁰
1194 2663 1225 2701 Μ-

116 2759 170 2829 τῦς
192 2759 247 2831 γῆς
270 2748 435 2829 ἀπομεῖναν
458 2747 586 2829 ἀβυσσος
608 2749 738 2829 ἐκλήθη,
762 2748 792 2823 ἐξ
815 2742 852 2809 ού
874 2748 1012 2830 καθάπερ
1035 2749 1129 2826 σίφω·
1143 2768 1169 2809 τε

190 2966 272 3020 λκαλ
292 2963 371 3035 ήλιον
389 2964 550 3018 ABPPass.
579 2966 628 3018 καὶ
650 2982 701 3020 ουτ.
721 2964 781 3019 rell.
805 2996 841 3004 -
864 2969 880 3017 3
902 2964 998 3023 αύτοῖς
1016 2962 1071 3016 ΡΒ.
1095 2995 1130 3004 -

116 3036 207 3107 ἡμέρα
225 3036 332 3091 ABEL.
358 3068 392 3076 -
419 3042 433 3088 7
458 3033 497 3090 δι’
519 3038 605 3090 αῦτοῦ
628 3036 687 3090 RV.
711 3068 747 3075 -
771 3041 803 3088 11
828 3036 950 3105 ἔμπλεων
972 3033 1057 3087 BDR
1084 3034 1129 3102 έμ-

116 3112 191 3164 πλεω
205 3108 238 3162 V.
253 3140 288 3148 —
309 3112 341 3161 15
360 3107 550 3169 ἀπολαύοντες
563 3106 640 3161 BGE
659 3105 849 3178 ἀπολάβοντες
861 3106 891 3160 F.
906 3138 941 3145 -
961 3111 993 3158 17
1012 3105 1062 3159 τὸν
1079 3122 1128 3159 om.

116 3179 173 3233 PR.
188 3210 222 3219 -
239 3184 271 3233 18
287 3176 471 3248 ἀπειληφότες
483 3187 574 3249 χῶρον
583 3178 660 3231 ΑΒΡ
673 3187 764 3249 χῶρον
779 3178 883 3247 (χώραν
896 3178 932 3245 R)
947 3174 1131 3246 ἀπειληφότες

118 3250 278 3306 CELNRV
296 3248 481 3319 ἀπειληφότες
493 3267 543 3305 om.
558 3250 587 3303 F.
604 3280 637 3291 -
657 3248 841 3315 ἀτελευτήτως
854 3248 930 3301 ABP
947 3245 1068 3309 αἰωνίως
1081 3248 1130 3301 καὶ

117 3321 302 3389 ἀτελευτήτως
320 3320 381 3375 rell.
402 3354 434 3361 —
459 3327 491 3374 21
511 3319 588 3387 ύδωρ
610 3321 734 3387 καὶπῦρ
752 3318 883 3387 ὑπεράνω
902 3320 935 3372 R.
955 3351 988 3359 -
1007 3318 1129 3385 καὶπῦρ

117 3392 250 3449 ὑποκάτω
272 3401 323 3447 τοῦ
351 3392 537 3461 στερεάματος
563 3409 613 3447 ουτ.
632 3390 766 3446 OELNR
790 3390 920 3445 ὑποκάτω
943 3398 993 3443 τοῦ
1018 3389 1130 3456 στερεά-

116 3484 204 3535 ματος
222 3482 272 3520 om.
287 3465 317 3518 F.

191 3640 224 3687 16
244 3633 293 3688 τὸν
311 3634 409 3689 κοινὸν
428 3632 533 3705 ἐχθρὸν
552 3632 581 3685 P.
601 3664 636 3671 -
655 3637 689 3684 22
709 3631 724 3685 ὑ
743 3630 832 3698 αἰθήρ
851 3630 880 3684 Ρ.
