2617 3909
537 276 726 327 XPONIKON
1074 276 1139 339 401

130 422 245 483 ἔδονται
273 422 324 495 τὰς
352 424 461 503 σάρκας
489 432 547 484 τῶν
574 425 650 485 υἱῶν
677 422 727 484 καί
753 433 813 485 τῶν
836 423 1010 506 θυγατέρων
1032 424 1141 505 αὐτῶν,

130 518 179 581 καὶ
206 518 326 593 ἕκαστος
353 520 404 593 τὰς
432 522 541 603 σάρκας
569 530 621 583 τοῦ
650 522 778 600 πλησίον
805 520 898 583 αὐτοῦ
925 522 1019 583 ἔδεται
1046 522 1079 583 ἐν
1105 530 1141 607 τῇ

128 628 248 703 περιοχῇ
277 617 326 679 καλ
350 618 383 680 ἐν
409 628 445 703 τῇ
473 621 640 703 πολιορκία,
668 607 959 705 ήπολιορκήσουσιν
981 619 1090 693 αὐτοὺς
1113 622 1145 681 ολ

127 715 232 797 ἐχθροὶ
263 716 369 778 αὐτῶν.
420 716 469 778 κοιλ
501 718 654 799 συντρίψω
687 716 739 778 τὸν
766 716 839 778 λαὸν
870 727 975 779 τοῦτον
1006 715 1056 777 καὶ
1087 716 1142 795 τήν

126 815 216 877 πόλιν
243 816 368 895 ταύτην,
395 814 498 888 καθὼς
526 816 710 895 συντρίβεται
736 813 826 897 άμγος
849 812 1037 896 όστράιιινον,
1065 812 1082 877 δ
1105 814 1141 875 οῦ
1169 836 1182 877 5

127 912 287 991 δυνήσεται
311 913 436 993 ἰαθῆναι
455 912 503 975 ἔτι.
541 914 617 974 οότω
641 912 766 992 ποιήσω,
785 910 859 993 λέγει
877 914 989 994 κύριος,
1008 919 1047 997 τῷ
1061 912 1141 999 τόπῳ

125 1010 222 1095 τούτῳ
245 1009 295 1071 καί
317 1017 379 1084 τοῖς
401 1020 589 1072 κατοικοῦσιν
612 1010 645 1071 ἕν
666 1010 745 1095 αὐτῷ
759 1019 813 1071 τοῦ
832 1011 964 1089 δοθῆναι
982 1010 1037 1089 τήν
1055 1005 1142 1072 πόλιν

124 1108 239 1187 ταύτην
263 1105 302 1181 ὡς
325 1107 380 1187 τήν
408 1109 632 1170 διαπίπτουσαν.
677 1109 740 1169 καί·
771 1108 857 1171 δώσω
880 1108 989 1181 αὐτοὺς
1011 1108 1053 1182 είς
1077 1110 1142 1169 δια-

126 1203 311 1287 σκορπισμδν
334 1205 443 1279 πάσαις
465 1211 529 1279 ταῖς
551 1206 712 1287 βασιλείαις
733 1215 786 1285 τής
808 1216 874 1287 γῆς,
896 1206 946 1268 καί
967 1206 1082 1267 ἔσονται
1100 1206 1142 1280 είς

125 1302 298 1382 ὀνειδισμὸν
321 1303 371 1365 καὶ
393 1304 435 1377 είς
457 1302 630 1385 παραβολήν
654 1302 704 1363 καὶ
721 1303 764 1375 είς
782 1309 867 1381 μῖσος
885 1302 934 1364 καί
952 1304 994 1377 είς
1012 1304 1141 1385 κατάραν
1156 1325 1182 1365 ιο

124 1401 159 1463 ἐν
183 1400 271 1462 παντί
293 1400 384 1487 τόπῳ,
409 1394 445 1463 οὗ
468 1400 506 1462 διν
529 1401 626 1475 ἕξώσω
650 1400 759 1475 αὐτοὺς
781 1400 847 1462 ἐκεῖ.

199 1500 235 1559 Τί
256 1490 311 1560 οὗν
334 1500 438 1561 λοιπὸν
461 1508 520 1561 τῶν
543 1500 636 1561 θείων
659 1500 771 1561 τούτων
794 1498 933 1580 ῥημάτων
955 1498 1142 1578 ἐμφαντικώ-

123 1619 212 1677 τερον
240 1594 260 1677 ή
287 1595 485 1677 ἀληθέστερον
512 1592 618 1679 γένοιτ’
644 1596 696 1675 άν;
727 1598 781 1678 ὅρα
808 1597 878 1679 γάρ,
906 1590 930 1658 ὦ
957 1596 1064 1677 ἀνόητε
1091 1598 1141 1659 καλ

124 1694 259 1775 όιλόμιστε
274 1690 413 1774 Ἰουδαῐε,
440 1695 468 1756 εί
495 1694 535 1775 μή
563 1696 769 1776 πεπλήρωνται
794 1697 891 1756 πάντα
913 1704 1004 1756 ταῦτα
1027 1694 1141 1777 ἀπαρα-

125 1792 251 1865 λείπτως
273 1792 347 1853 κατὰ
370 1792 421 1865 τὰς
444 1791 522 1874 ἱερὰς
543 1793 719 1874 προρρήσεις
737 1794 779 1866 είς
796 1792 884 1873 ὑμᾶς,
906 1792 956 1854 καὶ
975 1792 1073 1873 μέντοι
1090 1793 1140 1855 καλ
1155 1813 1181 1855 ιο

124 1889 161 1951 τδι
185 1888 244 1952 δπὸ
262 1893 392 1971 Χριστοῦ
415 1890 690 1973 προκατήγγελμόνα
712 1890 761 1951 καὶ
780 1890 1027 1972 προήπειλήμίνα.
1065 1891 1141 1971 φησί

123 1988 183 2070 γὰρ
206 1987 272 2068 περὶ
294 1998 346 2068 τῆς
360 1981 550 2069 Ἰερουσαλήμ
572 1987 622 2049 καί
645 1998 697 2050 τοῦ
716 1988 748 2049 ἐν
767 1988 842 2073 αὐτῇ
864 1997 941 2050 ναοῦ
962 1989 1019 2050 ότι·
1043 1989 1079 2050 οό
1099 1989 1139 2069 μή
1191 2033 1193 2040 ,

125 2087 213 2169 μείνῃ
245 2087 331 2158 λίθος
363 2084 411 2147 ἐπὶ
442 2088 539 2148 λίθον.
590 2080 647 2167 ἆρα
675 2084 850 2166 μεμόνήκεν;
881 2086 1027 2165 οὐδαμῶς.
1078 2088 1140 2147 καί·

125 2182 195 2245 ίδοδ
227 2182 345 2261 όιφίεται
378 2181 394 2243 δ
422 2178 503 2257 οίκος
535 2182 619 2263 ὑμῶν
647 2184 762 2265 ἕρημος.
808 2177 866 2265 ἆρα
895 2182 951 2245 οόκ
978 2183 1139 2264 ἕρήμωταις

123 2280 177 2343 καί
205 2280 321 2362 σφόδρα
344 2304 383 2363 με.
429 2283 490 2343 καί·
519 2282 598 2343 ἔσται
625 2283 746 2362 θλίψις,
774 2281 823 2342 οἵα
850 2280 886 2343 οὐ
909 2280 1037 2363 μέμονεν.
1082 2275 1139 2363 ἆρα
1153 2303 1179 2342 εο

124 2378 183 2441 οὐκ
206 2376 331 2460 ἐγένετο;
360 2377 516 2461 ἀνάγνωθι
538 2378 593 2458 τήν
617 2380 748 2460 ἱστορίαν
767 2373 912 2458 Ἰωσήπου
935 2378 1044 2460 ἀνδρὸς
1064 2375 1139 2441 Ἰου-

124 2477 215 2539 δαίου
237 2474 287 2537 καὶ
310 2477 507 2556 φιλαλήθους,
530 2476 580 2537 καλ
603 2474 673 2537 οὐδὲ
696 2475 879 2538 ἀναπνεῦσαι
898 2477 1002 2539 λοιπὸν
1020 2478 1136 2562 δυνήσῃ
1151 2492 1189 2532 301
1204 2490 1236 2530 M

124 2573 246 2636 ἀκούων
274 2574 366 2653 μόνον
394 2574 467 2656 άπερ
495 2574 611 2636 ἔπαθον
639 2574 671 2635 οί
695 2572 797 2636 όίθλιοι
819 2585 979 2654 τηνικαῦτα
999 2571 1139 2637 Ἰουδαῖοι

125 2671 176 2733 διὰ
203 2671 258 2751 τήν
285 2671 358 2732 κατὰ
388 2682 441 2733 τοῦ
468 2675 598 2753 Χριστοῦ
627 2673 736 2751 μανίαν
762 2670 813 2734 καί
840 2673 959 2734 λύσσαν.
1005 2673 1054 2733 ἴνα
1082 2672 1138 2754 γὰρ

199 2842 287 2897 1J0r.
308 2848 354 2909 19,
370 2848 399 2909 ο,
419 2849 465 2909 11³
486 2849 527 2897 12.
557 2875 589 2883 -
619 2843 708 2898 οισι.
728 2848 776 2909 24,
793 2849 817 2897 2.
837 2875 871 2883 -
896 2848 1009 2897 16-24
1027 2843 1138 2900 Similia

126 2914 339 2983 Chrysostomus
358 2915 389 2969 ν’νι
407 2931 450 2983 ep.
471 2914 507 2967 ad
526 2914 604 2969 Rom.
619 2914 701 2968 Hom.
717 2919 760 2982 25,
774 2920 790 2967 5
809 2914 906 2984 Migne
924 2914 955 2967 Τ.
971 2919 1012 2981 60,
1028 2920 1087 2968 635.
1103 2946 1138 2957 -

126 2991 159 3039 ιτ
178 2984 279 3039 Matth.
300 2991 347 3051 24,
367 2991 383 3037 2
406 2986 491 3039 Mare.
513 2991 590 3053 13,2
614 2986 679 3040 Luc.
695 2992 738 3053 21,
753 2990 777 3038 6.
805 3018 840 3026 -
869 2985 1020 3039 19Matth.
1045 2991 1088 3053 23,
1103 2992 1137 3040 38

124 3056 190 3111 Luc.
208 3062 249 3125 13,
264 3061 306 3109 35.
327 3088 360 3097 -
380 3062 414 3110 20
434 3056 533 3111 Matth.
550 3063 597 3123 24,
612 3062 654 3110 21.
675 3089 708 3097 -
728 3062 833 3127 λλ-ρ.
849 3062 944 3125 402,5
963 3057 1028 3110 Isid.
1044 3056 1137 3113 Pelus.

124 3128 196 3198 Epp.
211 3128 258 3197 IV,
274 3133 305 3180 75
325 3128 421 3198 Migne
440 3128 517 3181 Tom.
534 3133 576 3196 78,
591 3133 643 3181 436
653 3129 685 3183 Α.

197 3284 212 3332 6
232 3256 424 3348 δυνηθήσεται
437 3279 504 3332 MR.
526 3310 557 3319 -
577 3280 625 3332 καὶ
643 3282 682 3351 τῷ
700 3276 775 3352 τόπῳ
794 3278 850 3333 CF.
866 3309 898 3318 -
919 3284 950 3331 11
972 3278 1022 3333 ἐὰν
1040 3279 1136 3335 MRV.

125 3382 159 3390 —
184 3356 216 3404 12
242 3351 481 3419 ἐκφαντικάτερον
504 3350 563 3403 BR.
594 3382 627 3390 -
656 3356 690 3404 14
715 3349 750 3403 τδι
771 3349 865 3405 πάντα
888 3359 975 3404 ταῦτα
998 3350 1020 3402 Β
1048 3359 1137 3404 ταῦτα

124 3421 219 3477 πάντα
242 3422 327 3475 AFM.
356 3454 389 3461 -
425 3427 456 3475 15
484 3421 632 3490 προρήσεις
655 3422 710 3474 ΑΡ,
739 3453 774 3460 -
802 3428 835 3477 16
865 3421 1137 3491 προκατημρειλμόνοι

125 3491 320 3565 (-ειγγειλμόνοι
338 3494 372 3562 Α)
392 3493 446 3547 ΑΡ.
466 3524 501 3533 -
520 3498 554 3547 24
572 3501 622 3547 τοῦ
641 3510 691 3548 ουτ.
707 3492 816 3547 ABFN.

197 3659 231 3707 24
250 3650 354 3723 μανίαν
372 3672 401 3708 τε
420 3653 468 3706 καὶ
487 3652 587 3707 λότταν
605 3651 635 3705 P.
