2617 3909
180 230 247 293 420
492 231 678 283 ΓΕΩΡΙῚΟΤ
695 230 878 282 ΜΟΝΔΧΟΤ

173 373 268 461 νην),
295 383 392 463 πολλῷ
417 383 527 458 μᾶλλον
550 373 599 456 ἐφ’
620 378 706 457 δμῦν
732 376 791 439 ἔδει
818 385 904 438 τοῦτο
919 375 1085 457 γενέσθαι,
1113 376 1147 437 εἴ
1166 400 1201 457 γε

180 476 353 558 παράνομος
376 468 415 556 ἦν
437 474 453 539 δ
476 472 532 555 ὑφ’
553 475 638 555 ὑμῶν
661 476 853 555 στανρωθείς.
898 474 949 536 καλ
970 474 1068 536 πόθεν
1090 475 1201 554 δῆλον,

72 629 77 639 ,
181 575 284 653 φησίν,
309 574 353 636 ὅτι
375 572 473 637 τέλεον
495 572 670 656 ἀπεστράφη
692 571 771 653 ἡμᾶς
794 572 914 650 δθεός;
937 582 997 634 τῶν
1014 573 1201 655 πραγμάτων

180 672 277 733 αὐτῶν
305 672 445 751 βοώντων
471 671 521 733 καλ
548 673 708 754 σάλπιγγος
730 669 933 753 λαμπροτέραν
954 669 1106 749 ἀφιέντων
1128 694 1198 748 φω-

153 769 237 848 ενὴν
265 768 315 831 διά
342 778 394 849 τῆς
416 779 622 851 καταστροφῆς
644 779 697 849 τῆς
719 768 845 848 πόλεως,
873 768 924 830 διὰ
945 778 999 849 της
1020 768 1199 851 ἐρημώσεως

178 876 231 928 τοῦ
254 875 340 945 ναοῦ,
363 866 414 928 διά
435 877 494 929 τῶν
513 864 609 929 ἀλλων
628 865 776 927 ἁπάντων.
812 863 875 928 ἀλλ’
896 865 1065 948 ἀνθρωποι,
1088 869 1197 946 φησίν,

178 961 251 1043 ἡμῖν
279 964 429 1046 ἐπήγαγον
457 974 563 1045 ταῦτα,
591 964 645 1045 οὐχ
668 962 684 1025 δ
707 964 786 1038 θεός.
831 965 860 1026 εί
881 956 937 1026 οὖν
959 963 1133 1046 ἀνθρώπων
1155 957 1198 1043 ἦν

178 1061 248 1143 ἔργα
275 1071 379 1142 ταῦτα,
407 1062 457 1124 καὶ
484 1062 521 1124 οά
549 1071 602 1143 τῆς
629 1060 721 1143 ὀργῆς
747 1072 800 1124 τοῦ
827 1069 917 1143 θεοῦ,
944 1062 1005 1123 ἔδει
1032 1061 1114 1144 μέχρι
1141 1072 1198 1141 τῆς

173 1157 313 1233 ἁλώσεως
343 1160 379 1221 τά
411 1159 534 1243 ὑμέτερα
565 1172 671 1241 στῆναι
702 1159 753 1222 καλ
780 1161 821 1240 μὴ
849 1159 1008 1242 περαιτέρω
1035 1163 1198 1242 προελθεῖν

139 1280 164 1323 10
179 1257 250 1337 ὑμῖν
282 1259 337 1339 την
369 1258 489 1339 ἀτιμίαν
516 1282 546 1321 τε
573 1258 623 1321 καλ
650 1259 790 1321 κάκωσιν.
836 1258 915 1337 πλὴν
942 1258 1014 1320 έστω
1041 1257 1116 1319 κατὰ
1141 1257 1197 1319 τὸν

79 1355 317 1439 315Μ.,ῦμέτερον
339 1357 438 1439 λόγον,
462 1357 505 1419 ὅτι
523 1356 559 1419 τά
577 1358 654 1437 τείχη
674 1355 875 1437 κατέστρεψαν
892 1354 1050 1439 ἀνθρωποι
1070 1354 1121 1417 καὶ
1139 1356 1197 1435 τὴν

178 1454 265 1515 πόλιν
292 1461 434 1516 καθεῖλον
461 1454 511 1515 καλ
537 1454 589 1516 τὸν
611 1454 714 1535 βωμὸν
737 1452 929 1535 ἀνέστρεψαν.
976 1453 1017 1533 μὴ
1046 1453 1098 1515 καὶ
1124 1454 1197 1527 τοὺς

178 1553 335 1634 προφήτας
355 1550 513 1634 ἀνθρωποι
531 1551 731 1629 κατέπαυσανς
755 1551 796 1631 μὴ
815 1551 865 1614 καλ
883 1552 939 1632 τὴν
956 1562 1009 1613 τοῦ
1027 1552 1197 1631 πνεύματος

178 1649 263 1731 χάριν
289 1648 340 1709 καὶ
367 1648 455 1710 τάλλα
482 1648 518 1710 τδι
548 1650 640 1729 σεμνά
668 1649 705 1711 τά
726 1646 797 1732 παρ’
817 1648 892 1729 ὑμῖν
914 1648 999 1711 αάτολ
1021 1649 1196 1730 κατέλυσαν,

140 1768 164 1810 ιε
179 1741 244 1808 οίον
271 1745 304 1808 τὸ
332 1747 439 1827 φωνὴν
467 1746 500 1809 ἐκ
527 1756 579 1809 τοῦ
608 1748 779 1829 ίλαστηρίον
807 1747 966 1830 φέρεσθαι,
996 1747 1053 1827 την
1078 1723 1136 1810 ἐπί
1154 1755 1197 1832 τῷ

178 1845 311 1925 χρίσματι
329 1844 490 1926 γινομένην
509 1844 667 1927 ἐνέργειαν,
691 1846 746 1925 τὴν
764 1845 813 1907 έπλ
831 1856 890 1907 τῶν
908 1847 1004 1908 λίθων
1022 1855 1076 1907 τοῦ
1094 1845 1197 1928 ἱερέως

179 1943 322 2021 δήλωσιν;
350 1942 400 2005 καί
427 1942 482 2025 γάρ
510 1939 701 2023 η’ίονδαϊκη
727 1945 858 2006 πολιτεία
885 1942 952 2023 οὐχὶ
978 1943 1115 2005 κάτωθεν
1137 1939 1197 2025 εἶχε

178 2040 230 2114 τὰς
252 2039 342 2122 ἀρχάς
365 2039 490 2123 ἁπάσας,
514 2040 587 2103 ἀλλά
604 2041 658 2115 τάς
675 2042 794 2115 πλείους
811 2040 862 2102 καὶ
880 2040 1055 2122 σεμνοτέρας
1073 2039 1197 2103 ἀνωθεν

178 2138 292 2201 ἐκτῶν
316 2138 462 2222 οὐρανῶν.
508 2134 574 2202 οἷόν
597 2163 624 2200 τι
647 2137 731 2220 λέγω,
753 2140 865 2213 θυσίας
886 2140 1024 2220 γίνεσθαι
1042 2142 1197 2221 συγχωρή-

140 2260 166 2301 το
180 2256 247 2317 σας,
271 2235 288 2299 δ
307 2236 361 2318 μὲν
383 2237 483 2318 βωμὸς
505 2230 545 2318 ἦν
567 2238 645 2299 κάτω
668 2236 719 2298 καλ
741 2236 777 2298 τά
797 2237 870 2310 ξύλα
887 2236 938 2298 καλ
956 2234 975 2316 ἡ
995 2238 1122 2317 μάχαιρα
1144 2238 1199 2299 καὶ

180 2334 195 2398 δ
224 2335 332 2415 ἱερεύς,
364 2336 396 2398 τὸ
429 2333 460 2397 δὲ
492 2345 552 2417 πῦρ
580 2335 612 2397 τὸ
643 2334 748 2414 μέλλον
775 2334 808 2395 ἐν
834 2340 897 2409 τοῖς
924 2333 1045 2408 ἀδύτοις
1072 2334 1198 2409 ἐκείνοις

181 2430 255 2492 ἰέναι
279 2432 329 2492 καλ
352 2433 490 2494 δαπανᾶν
512 2432 564 2507 τὰς
584 2434 694 2507 θυσίας
712 2431 833 2494 ἀνωθεν
850 2432 905 2511 τὴν
923 2431 1017 2513 ἀρχὴν
1035 2427 1119 2513 εἶχεν.
1157 2434 1197 2495 οὐ

179 2529 235 2611 γὰρ
258 2526 420 2611 ἅνθρωπος
442 2531 485 2604 είς
506 2530 558 2593 τὸν
581 2531 655 2592 ναὸν
678 2532 776 2613 εἰσῆγε
794 2539 865 2612 πῦρ,
888 2528 962 2592 ἀλλά
981 2531 1055 2609 φλὸξ
1073 2528 1198 2591 ἀνωθεν

180 2632 386 2707 κατενεχθεῖσα
409 2628 464 2707 τὴν
486 2626 534 2689 ἐπὶ
556 2637 610 2708 τῆς
628 2629 781 2701 διακονίας
799 2626 928 2709 έπληρον
947 2629 1067 2689 θνσίαν.
1104 2629 1198 2690 πάλιν

252 2832 330 2880 2-6
349 2824 445 2893 Chrys.
464 2825 499 2880 ib.
512 2827 609 2894 paullo
622 2832 684 2894 post
701 2824 798 2894 Migne
817 2830 869 2879 908
884 2825 951 2879 νεεδ.
972 2857 1005 2866 -
1018 2830 1114 2895 ’6-χ).
1132 2833 1198 2895 421,

182 2904 214 2951 13
238 2896 334 2966 Chrys.
353 2898 389 2951 ib.
404 2895 482 2964 V1,4
501 2896 597 2966 Migne
616 2902 668 2951 908
677 2898 725 2964 fin.

252 3082 268 3129 3
287 3075 359 3144 ὑμᾶς
377 3073 523 3129 ABOMR.
539 3107 573 3115 —
594 3080 627 3128 10
646 3075 695 3128 καλ
712 3074 763 3143 τὴν
782 3074 905 3128 κάκωσιν
919 3074 977 3128 AV.
994 3107 1027 3115 -
1046 3081 1078 3129 11
1098 3074 1126 3129 οἱ
1144 3076 1198 3129 ἀν-

179 3151 293 3215 θρωποι
311 3145 390 3200 BRV
399 3144 460 3200 Chr.
481 3178 515 3186 -
540 3153 572 3200 12
596 3146 754 3215 ἀνέτρεψαν
773 3143 867 3199 Fchr.
891 3144 1083 3216 κατέστρεψαν
1101 3147 1134 3201 A.
1160 3180 1197 3187 —

182 3225 215 3272 14
234 3218 269 3272 τά
288 3218 357 3272 ἀλλα
375 3216 469 3272 BChr.
490 3249 523 3257 —
545 3223 576 3271 15
597 3214 659 3272 οἷον
677 3216 778 3271 ABPV
788 3216 849 3271 Chr.
867 3234 917 3271 om.
932 3217 992 3271 rell.
1012 3249 1046 3257 —
1067 3222 1100 3271 16
1119 3239 1199 3288 γινο-

180 3289 267 3359 μένην
285 3288 443 3343 BODEFP
465 3287 618 3359 γενομένην
637 3288 805 3343 ALVRchr.
830 3286 987 3357 φερομένην
1006 3289 1042 3342 Μ.
1066 3320 1099 3329 -
1125 3290 1197 3359 1Ἱὴ

180 3378 234 3429 spr.
250 3378 274 3415 ν.
289 3362 315 3414 Α
333 3378 367 3413 ιιι.
383 3365 398 3413 1
417 3367 449 3415 ut
466 3361 521 3415 vid.
545 3377 595 3415 om.
611 3358 639 3413 C.
659 3392 693 3400 -
716 3365 748 3413 19
768 3356 899 3430 γίνεσθαι
918 3358 1096 3413 CEFLNPV
1119 3359 1198 3430 γενέ-

181 3437 252 3485 σθαι
270 3432 349 3485 ABR
359 3430 421 3485 chr.
441 3463 475 3471 —
495 3438 528 3485 21
549 3430 563 3485 δ
583 3448 632 3486 om.
648 3431 706 3484 ΕΡ.

256 3616 288 3664 10
307 3610 385 3679 ὑμῶν
404 3609 426 3662 Ρ
439 3607 501 3663 Chr.
