2617 3909
194 202 258 268 388
504 202 690 255 Γωαεοιοτ
706 202 889 255 ωοαεκοτ

192 351 408 431 ἀποκτείνωμεν
430 350 482 413 τὸν
504 350 647 431 Χριστόν,
675 350 782 422 πάντες
809 349 851 423 είς
873 348 963 410 αύτὸν
985 349 1200 429 πιστεύσουσιν,

192 449 242 511 καί
273 449 439 512 ἐλεύσονται
471 449 503 510 οί
523 442 658 528 Ῥωμαῖοι
688 445 739 508 καί
767 446 892 528 ἀροῦσιν
918 443 1004 525 ἡμῶν
1030 445 1083 507 τδν
1108 447 1202 509 τόπον

191 546 241 609 καί
268 547 300 609 τδ
328 547 425 620 έθνος.
470 547 553 627 οἵγε
579 545 630 607 καὶ
652 542 772 619 άκοντες
794 544 1028 627 προεφήτευσαν.
1073 543 1201 625 καὶγὰρ

191 646 364 707 ἐπίστευσαν
386 645 428 719 είς
450 643 541 706 αὐτόν
564 643 599 704 τά
621 644 710 722 ἔθνη,
731 641 782 704 καλ
804 641 890 705 αύτολ
910 652 962 722 τῆς
984 640 1118 715 ἔξουσίας
1139 640 1200 704 ὑπὸ

165 737 336 823 οῬωμαίων
359 740 558 827 ἀφῃρέθησαν
580 740 630 803 καί
652 750 706 820 τῆς
727 750 853 825 νομικῆς
873 741 1015 822 λατρείας,
1037 737 1199 818 κεκωλυμέ-

190 864 239 901 νοι
266 839 298 901 δέ
326 841 381 901 είσι
409 838 458 901 καί
485 838 618 922 ἀναιρεῖν
646 836 700 912 οδς
726 837 849 901 θέλουσι
875 836 925 899 καί
947 837 1036 899 θύειν
1058 836 1105 899 ὅτε
1127 838 1201 917 βοό-

190 943 298 999 λονται.
344 938 390 1001 διδ
413 938 462 999 καί
485 938 691 1017 έπικατάρατοί
710 936 766 998 είσι
793 936 834 1016 μη
864 936 1023 1015 δυνάμενοι
1045 941 1142 997 ποιεῖν
1163 934 1201 996 τδι

190 1034 405 1117 διατεταγμένα.
444 1035 652 1117 ἕπικατάρατος
669 1035 736 1116 γάρ,
755 1034 859 1114 φησίν,
881 1044 940 1106 πᾶς
958 1030 991 1106 ὃς
1009 1032 1066 1093 ούκ
1083 1031 1200 1112 έμμένει

190 1142 261 1193 πᾶσι
280 1139 343 1207 τοῖς
360 1132 569 1215 γεγραμμένοις
587 1132 619 1195 ἐν
637 1140 678 1217 τῷ
700 1134 804 1218 βιβλίῳ
821 1141 875 1193 τοῦ
893 1131 989 1211 νόμου
1007 1140 1059 1192 τοῦ
1076 1140 1202 1210 ποιησαι

150 1254 176 1293 1ο
190 1230 273 1293 αότά.
319 1230 468 1294 ἀδύνατον
492 1231 524 1293 δέ
546 1230 623 1293 ἔστιν
645 1230 679 1293 έν
702 1231 848 1315 διασπορᾷ
870 1228 976 1309 μεταξὺ
993 1228 1094 1291 ἐθνῶν
1113 1225 1200 1301 όντας

189 1329 285 1391 πάντα
312 1329 451 1392 ἐπιτελεῖν
478 1328 587 1401 αύτούς
608 1328 644 1389 τά
666 1337 719 1389 τοῦ
741 1328 837 1408 νόμον
859 1326 909 1389 καὶ
931 1328 987 1407 τὴν
1009 1327 1143 1407 λατρείαν
1166 1326 1199 1387 έν

188 1426 233 1488 ἕνὶ
255 1427 334 1513 τόπμ
358 1425 638 1510 περιγεγραμμένην,
662 1424 702 1499 ἀς
724 1425 757 1487 έν
779 1425 856 1511 λόγιμ
879 1426 985 1505 κυρίου
1003 1428 1122 1502 Μωσῆς
1140 1425 1200 1485 διε-

188 1524 300 1597 τάξατο.
345 1526 375 1585 τί
395 1517 451 1587 οὖν
478 1522 552 1607 πρὸς
579 1524 670 1583 ταῦτά
697 1545 785 1601 φατε,
812 1515 836 1582 ὦ
861 1517 1014 1598 Ἰουδαῖοις
1042 1520 1092 1583 καλ
1116 1522 1147 1583 τί
1167 1520 1199 1583 τὸ

188 1622 283 1683 αἴτιον
314 1631 373 1684 τῶν
404 1622 552 1684 τοσούτων
584 1618 634 1682 καὶ
666 1620 846 1699 τηλικούτων
872 1618 950 1697 ὑμᾶς
979 1618 1199 1698 κατειληφότων

148 1740 174 1781 15
187 1728 301 1796 κακῶν;
328 1713 386 1803 ἀρά
412 1743 444 1802 γε
472 1719 631 1798 συνήκατε,
659 1718 704 1779 ότι
731 1717 787 1779 ούκ
815 1718 858 1789 είς
884 1715 1050 1795 ὁμόδουλον
1072 1710 1135 1777 ἀλλ’
1156 1716 1199 1790 είς

187 1815 261 1877 θεὸν
288 1818 551 1900 προσκεκρουκότες
578 1815 695 1889 εἰκότως
720 1824 812 1875 ταῦτα
837 1815 1006 1877 πεπόνθατε
1033 1812 1084 1874 καὶ
1105 1813 1199 1896 ἀσύγ-

90 1936 129 1976 εεο
143 1936 173 1975 M.
188 1932 303 1995 γνωστα
325 1916 459 1995 πάσχετε;
490 1916 532 1987 εἰς
555 1914 646 1976 αὐτὸν
668 1912 724 1995 γὰρ
747 1911 839 1985 όντως
861 1911 975 1973 ἐκεῖνον
997 1911 1048 1974 τόν
1070 1913 1198 1991 ποιητὴν

187 2010 237 2072 καί
260 2010 412 2095 εὐεργέτην
436 2012 619 2093 έξημάρτετε,
645 2005 668 2073 ὦ
691 2010 896 2092 ἐμβρόντητοι,
919 2008 968 2070 καί
990 2009 1198 2090 παροινήσατε,

187 2108 290 2182 καθὼς
321 2110 410 2184 αύτδς
442 2110 491 2172 διὰ
518 2104 641 2172 Ἡσαΐου
674 2107 740 2189 περὶ
772 2106 856 2187 ὑμῶν
887 2106 1057 2186 ἀναφωνάν
1088 2108 1196 2189 ἔλεγεν·

147 2228 174 2269 το
187 2208 272 2281 υἱούς
294 2207 437 2289 ἐγέννησα
459 2208 509 2269 καί
532 2209 651 2287 όψωσα,
673 2205 759 2268 αύτολ
777 2204 810 2267 δέ
828 2228 862 2285 με
884 2203 1045 2285 ἠθέτησαν.
1084 2207 1145 2266 καί·
1169 2206 1200 2265 τί
1267 2208 1269 2212 ’

187 2304 302 2382 ποιήσω
320 2312 359 2389 τῷ
375 2305 527 2384 ἀμπελῶνί
543 2329 602 2385 μου
620 2303 669 2365 καὶ
687 2304 743 2367 ούκ
757 2302 882 2383 ἐποίησα
899 2302 990 2387 αύτῷς
1009 2303 1084 2365 διότι
1097 2302 1201 2382 ἔμεινα

187 2403 236 2463 ἵνα
254 2401 364 2486 ποιύση
385 2403 548 2483 σταφυλήν,
572 2403 692 2481 ἐποίησε
710 2400 743 2463 δέ
761 2401 905 2474 ἀκάνθας.
942 2402 1004 2461 καί·
1028 2400 1129 2479 έμεινα
1147 2400 1197 2461 ἴνα

186 2500 297 2583 ποιήση
316 2500 423 2582 κρίσιν,
445 2498 564 2578 ἐποίησε
582 2498 615 2561 δὲ
633 2499 762 2579 ἀνομίαν
779 2499 831 2561 καὶ
847 2499 884 2561 ού
903 2497 1106 2577 δικαιοσύνην,
1124 2497 1197 2559 ἀλλὰ
1303 2503 1304 2546 ἒ

186 2597 328 2679 κραυγήν.
373 2598 461 2670 ποίας
489 2594 521 2658 δὲ
548 2595 685 2670 ἀκάνθας
711 2596 785 2679 λέγει
811 2596 862 2657 καί
884 2596 974 2656 ποίαν
996 2594 1124 2673 ἀνομίαν
1145 2594 1197 2655 καὶ
1303 2623 1304 2630 ¹

147 2718 172 2758 ετ
187 2694 335 2777 κραυγήν;
366 2686 385 2773 τ’]
414 2695 505 2774 δῆλον
533 2694 577 2755 ότι
604 2694 696 2775 όίσπερ
718 2693 936 2771 ἐστεφανώσατε
959 2691 1050 2753 αὐτὸν
1072 2690 1120 2752 ἐπὶ
1142 2701 1196 2753 τοῦ

186 2792 307 2864 πάθους
333 2790 451 2871 ἀνόμως
478 2791 643 2873 κράζοντες·
672 2786 759 2875 ἆρον,
786 2784 875 2872 ἀρον,
904 2790 1073 2871 σταύρωσον
1095 2787 1195 2852 αὐτόν.

186 2888 227 2963 ὡς
254 2888 303 2950 καὶ
331 2888 383 2980 διδιΙ
399 2882 537 2970 Ἱερεμίου
566 2888 631 2970 περὶ
661 2899 713 2969 τῆς
735 2889 886 2968 θεομάχου
908 2886 958 2948 καί
981 2896 1088 2969 μιαρᾶς
1110 2886 1195 2967 ὑμῶν

258 3067 274 3115 8
288 3060 436 3115 Βουλετοο.
452 3066 494 3126 27,
509 3066 543 3113 26
558 3059 618 3115 Gal.
634 3065 712 3126 3,10.
728 3091 761 3099 -
776 3063 810 3113 20
824 3058 878 3114 Jes.
891 3065 915 3127 1,
926 3065 950 3113 2.
966 3090 1000 3100 -
1014 3058 1069 3113 Jes.
1085 3064 1110 3127 5,
1120 3065 1144 3112 4.
1159 3090 1196 3099 -

187 3138 220 3185 22
239 3132 294 3187 Jes.
310 3137 339 3200 5,
355 3137 379 3185 7,
401 3164 435 3172 -
454 3138 487 3185 26
506 3130 626 3199 Joh.19‚
644 3137 684 3186 15.

258 3298 272 3345 2
293 3292 341 3345 καί
361 3292 411 3347 τόν
428 3288 516 3346 τόπον
535 3290 582 3345 LV
591 3290 652 3345 Joh.
664 3290 756 3346 Const.
776 3323 810 3333 -
834 3296 850 3344 5
873 3291 920 3344 καλ
938 3288 1124 3360 κολυμένοιΟ
1147 3291 1196 3344 καί

186 3360 355 3432 κωλυόμενοι
369 3363 400 3416 Β.
418 3394 451 3403 -
472 3368 487 3415 6
507 3361 556 3423 οδες
574 3360 610 3417 διν
628 3362 761 3417 θέλουσιν
779 3362 862 3432 (έθελ.
878 3361 913 3431 D)
927 3361 954 3413 N
972 3360 1021 3423 οὓς
1038 3360 1195 3415 θέλωσινΙι

186 3432 246 3501 (οὓς
259 3431 296 3487 διν
309 3432 412 3488 θέλωσι
427 3432 538 3503 Gom).
553 3465 585 3473 -
601 3439 634 3486 12
650 3434 741 3503 μωσὴς
753 3433 778 3485 Ι)
792 3440 902 3502 μωύσῆς
915 3432 973 3486 RV.
989 3465 1023 3472 —
1038 3438 1070 3485 17
1087 3432 1195 3487 ἐκεῖνον
1303 3439 1304 3442 ’

185 3502 310 3565 όντωςλλ
329 3504 436 3559 ἐκεῖνον
455 3522 505 3559 om.
520 3505 552 3558 A.
573 3537 606 3544 —
626 3510 661 3558 24
678 3502 850 3566 ποίας-25
864 3503 990 3573 κραυγήν
1008 3520 1058 3557 om.
1074 3502 1139 3555 MR.
1159 3534 1194 3541 -—

185 3580 219 3628 25
239 3570 257 3641 ἡ
276 3576 300 3628 A
323 3572 418 3643 ἢτθλλ.
439 3574 620 3645 -ιδηλονότι
638 3575 746 3629 BLRV.
767 3607 799 3615 -
819 3574 889 3643 άπερ
904 3573 1021 3629 OMRV.
