2617 3909
535 231 726 297 ‘xpomou
1069 246 1133 309 541

122 392 155 455 ἐν
178 402 213 478 τῇ
237 393 320 455 πόλει
348 391 397 453 καλ
423 391 474 465 τὰς
496 391 609 467 ἔξωθεν
635 392 733 474 πηγάς
759 399 824 467 ταῖς
846 398 991 474 μυσαραῖς
1013 395 1136 467 θνσίαις

122 491 279 571 ἐμύλννεν,
307 490 387 564 ὅπως
413 488 533 563 ἕκαστος
560 491 791 571 μεταλαμβάνων
815 500 870 553 τοῦ
896 491 1026 571 νάματος
1052 515 1135 571 μετα-

122 589 255 673 λαγχάνη
278 587 328 650 καλ
349 597 403 650 τοῦ
426 588 546 668 μύσους.
592 587 690 650 ἔπειτα
712 586 746 650 δὲ
767 588 817 650 καλ
838 588 875 650 τὰ
896 589 970 661 κατὰ
991 589 1047 669 τὴν
1064 587 1134 671 άγο·

122 685 180 769 ράν
209 687 392 768 προκείμενα
419 694 473 748 τού
505 687 666 766 μιάσματος
697 685 868 767 ἐνεπίμπλη.
917 688 1134 769 περιεραίνοντο

122 783 180 867 γάρ
203 783 253 845 καί
276 781 359 865 άρτοι
381 782 431 845 καλ
453 782 560 866 κρίατα
582 782 633 845 καλ
651 781 765 866 ὀπῶραι
782 784 833 846 καλ
850 785 962 865 λάχανα
979 784 1029 846 ιιαλ
1046 783 1135 846 τάλλα
1162 806 1175 847 σ

123 881 179 943 ὅσα
201 881 339 961 ἐδώδιμα.
384 876 465 942 ταῦτ’
487 873 543 943 ούν
566 880 691 963 ὁρῶντες
713 883 746 943 οί
764 882 925 964 χριστιανολ
945 883 1062 946 ἔστενον
1082 882 1135 963 μὲν

122 979 173 1041 καλ
196 978 386 1062 ὠλοφύροντο
409 978 457 1042 ἐπὶ
479 985 541 1053 τοῖς
563 979 740 1062 γινομένοις,
763 981 982 1061 μετελάμβανον
1004 975 1033 1043 δ’
1054 981 1136 1061 ὅμως

122 1075 305 1162 άποστολικῷ
328 1078 411 1162 νόμμ
439 1077 612 1156 πειθόμενοι
635 1085 675 1162 τῷ
699 1078 856 1155 φάσκοντι·
884 1089 945 1140 πᾶν
967 1080 1000 1142 τὸ
1024 1078 1056 1140 ἐν
1080 1103 1136 1159 μα-

122 1175 213 1260 κέλλῳ
236 1176 428 1256 πωλούμενον
450 1175 563 1238 ἐσθίετε
584 1173 678 1255 μηδὲν
695 1175 903 1257 ἀνακρίνοντες
921 1176 972 1239 διὰ
989 1177 1045 1257 τὴν
1063 1195 1135 1238 συν-

121 1274 245 1353 είδησιν.
294 1273 335 1336 ἐτι
363 1273 423 1353 μὴν
449 1271 500 1333 καλ
529 1269 627 1355 ἕτερον
653 1270 781 1354 ἐξευρὼν
806 1272 881 1332 κατὰ
906 1282 960 1352 τῆς
986 1273 1135 1352 εὐσεβείας
1149 1296 1175 1335 ιο

122 1370 282 1451 μηχάνημα
299 1369 349 1432 καλ
362 1376 424 1443 τοῖς
438 1376 653 1451 στρατιωτικοῖς
666 1369 838 1450 καταλόγοις
851 1371 973 1450 χρυσίον
986 1369 1135 1449 διανέμων

121 1467 246 1530 κατὰτὸ
264 1466 391 1529 παλαιὸν
409 1468 481 1542 ἐθος
499 1474 632 1549 καθῆστο
652 1466 707 1547 μὲν
724 1466 813 1543 αὐτὸς
831 1467 879 1530 ἐπὶ
892 1467 1008 1550 θρόνου
1022 1471 1135 1548 βασιλι-

121 1574 187 1646 κοθ,
205 1565 362 1648 προύθηκε
380 1563 412 1627 δὲ
430 1565 510 1648 παρὰ
527 1566 560 1628 τὸ
578 1566 650 1639 ἔθος
667 1566 770 1645 βωμὸν
788 1564 951 1647 ἀνθράκων
968 1568 1067 1648 πλήρη
1085 1565 1135 1627 καλ

120 1663 285 1744 λιβανωτὸν
303 1663 352 1725 ἐπλ
364 1673 417 1744 τῆς
433 1663 507 1726 κατὰ
519 1664 680 1747 πρόσωπον
695 1662 788 1725 αύτοῦ
806 1663 957 1746 τραπέζης,
975 1663 1025 1726 καλ
1043 1682 1134 1747 προσ-

121 1760 201 1836 ἐταξε
227 1760 294 1843 περί
320 1771 379 1824 τῶν
405 1762 438 1824 τὸ
465 1763 587 1844 χρυσίον
615 1760 816 1842 κομιζομίνων
842 1761 966 1824 ἕκαστον
993 1763 1135 1844 πρότερον
1149 1785 1175 1825 15

121 1857 287 1939 ἐπιβάλλειν
314 1865 353 1943 τῷ
377 1862 466 1944 βωμῷ
489 1859 667 1940 λιβανωτόν,
695 1854 756 1921 είτα
782 1858 996 1942 προσέρχεσθαι
1022 1860 1073 1921 καὶ
1101 1860 1134 1921 τὸ

121 1959 242 2038 χρυσίον
264 1955 345 2038 παρὰ
366 1966 419 2038 τῆς
441 1957 535 2040 χειρὸς
557 1957 651 2020 αὐτοῦ
673 1955 819 2038 δέχεσθαι.
855 1957 905 2019 καλ
923 1958 998 2039 πρὸς
1019 1958 1135 2031 τούτοις

121 2051 252 2116 ἐκέλενσε
274 2053 324 2115 καλ
347 2061 410 2128 ταῖς
427 2062 573 2136 μυσαραῖς
591 2055 703 2118 εἰκόσιν
720 2054 814 2117 αύτοῦ
830 2055 1057 2137 συγγράφεσθαι
1075 2056 1135 2115 Δία

122 2151 173 2213 καί
188 2150 292 2233 Ἄρεα,
320 2151 370 2213 καλ
393 2153 487 2226 οὕτως
510 2152 525 2216 ὁ
548 2151 670 2226 ἀνόσιος
691 2152 813 2214 ἔσπευδε
834 2153 1037 2232 καταμιαίνειν
1058 2153 1134 2212 πάν-

121 2273 180 2323 τας.
230 2248 345 2323 ἐξέθετο
374 2248 407 2312 δέ
433 2249 482 2311 καλ
514 2250 608 2330 νόμον
636 2250 709 2312 ὥστε
735 2249 921 2334 χριστιανούς
949 2249 1020 2329 μήτε
1047 2268 1132 2331 σιρα-
1147 2272 1175 2311 εο

194 2471 210 2520 ε
230 2473 253 2520 1.
269 2465 330 2521 eor.
346 2471 388 2534 10,
403 2471 445 2521 τε,
461 2498 495 2506 -
515 2471 619 2520 ιο-ιτ
638 2465 743 2522 Τειοο.
758 2465 792 2519 Η.
808 2465 992 2534 0001.111,16.
1010 2497 1045 2506 -
1065 2471 1133 2520 ιτ-

122 2543 157 2591 19
175 2538 280 2592 Tbeod.
294 2537 369 2592 Leot.
389 2539 423 2605 cf.
443 2537 508 2591 Exe.
523 2537 586 2592 Bar.
602 2536 726 2606 Thooph.
738 2554 768 2606 μ.
783 2543 827 2606 49,
842 2543 858 2592 5
876 2536 974 2606 Polyd.
986 2556 1015 2608 μ.
1032 2543 1093 2604 376,
1108 2543 1132 2591 2.

122 2641 156 2650 -
176 2614 280 2678 20-μ,
297 2614 388 2677 6428
407 2608 512 2664 Theod.
526 2608 560 2662 H.
577 2608 744 2675 εοο1.ΙΠ,8.

194 2802 209 2849 2
229 2793 430 2867 μεταλαγχάνει
442 2794 621 2849 ΒΟΡΙιΝΡΙλ
630 2793 695 2850 Exn.
711 2795 746 2849 de
759 2796 821 2849 virt.
837 2828 871 2837 -
891 2801 907 2849 8
924 2795 961 2851 τὰ
974 2811 1024 2851 om.
1039 2795 1132 2851 MRV.

120 2899 155 2908 -
170 2874 187 2921 4
202 2864 362 2937 ἐνεπίμπλει
376 2865 504 2920 GLNPV
522 2863 699 2921 ἐνεπίπλειΑ
713 2865 868 2937 ἐνεπίμπλα
882 2867 931 2921 BF
940 2866 1006 2921 Ειο.
1021 2868 1057 2921 de
1069 2868 1132 2922 virt.

121 2936 319 3008 ἐνεμπίπλαΙλ
341 2934 491 3007 ἐμπίπλησι
508 2936 539 2992 Ε.
559 2969 594 2978 -
613 2935 843 3006 περιερραίνοντο
861 2937 919 2991 BL.
939 2969 973 2978 -
998 2943 1013 2990 7
1032 2939 1133 2992 ὠλολύ-

120 3011 200 3076 ζοντα
219 3007 268 3079 (ὀλ.
288 3008 319 3079 (ί)
338 3006 440 3064 ΟΕΙΝ
459 3007 587 3074 ὀλύλνζον
605 3009 638 3062 R.
658 3041 693 3049 -
713 3014 746 3063 10
766 3010 877 3078 ἐξεῦρον
895 3009 917 3061 Β
937 3008 1049 3076 ἐξεύρον
1066 3009 1132 3063 Exc.

121 3081 157 3135 de
174 3079 237 3135 virb.
262 3080 372 3149 ἐξεῦρεν
390 3080 420 3134 F.
440 3111 474 3120 -
494 3084 526 3134 11
546 3101 608 3152 μηγ.
623 3088 683 3144 τοῖς
701 3098 791 3148 στρατ.
807 3079 860 3150 γάρ
879 3078 901 3132 Β
927 3099 987 3149 μηγ.
1003 3089 1062 3141 τοῖς
1096 3080 1133 3149 άρ

121 3169 212 3220 στρατ.
236 3151 269 3206 R.
294 3183 327 3193 -
346 3157 380 3205 12
405 3155 575 3222 καθῆστο-
587 3157 619 3204 13
644 3151 712 3213 ἐθος
736 3167 786 3206 om.
810 3150 871 3204 LM.
896 3182 929 3190 —
954 3156 987 3205 12
1013 3154 1073 3206 καθ
1101 3171 1133 3206 το

121 3225 167 3347 ἓν
181 3221 243 3288 ΒΡ)
256 3221 388 3277 ABGEP
406 3221 529 3292 ἐκάθητο
543 3224 610 3292 (-ιτο
624 3221 660 3313 D)
674 3221 737 3276 ΗΒ.
752 3254 786 3263 -
806 3226 839 3276 17
854 3220 944 3294 παρὰ]
963 3221 994 3277 ἐκ
1008 3222 1056 3276 AB
1066 3223 1132 3277 Exn.

141 3309 157 3348 θ
174 3293 237 3349 virt.
257 3293 314 3349 ἀπὸ
333 3293 362 3348 F.
387 3325 420 3334 —
445 3298 478 3347 19
497 3294 545 3348 καλ
564 3301 628 3350 οπλα
645 3298 723 3362 Αρεα
740 3308 791 3348 σπι.
805 3291 841 3348 N.
861 3323 894 3332 -—
914 3298 948 3347 20
967 3291 1033 3363 μήτε
1052 3311 1134 3362 στρα-

120 3365 253 3420 τεύεσθαι
271 3363 421 3420 ABPExc.
438 3365 473 3418 do
490 3365 553 3418 virt.
577 3365 614 3434 μὴ
634 3364 725 3434 οτράτ.
739 3364 800 3420 rell.

194 3557 209 3605 7
232 3553 317 3622 ὠλοφ.
337 3549 548 3625 βδελυττόμενοι
574 3550 610 3606 τά
634 3549 768 3622 γινόμενα
791 3551 927 3607 PTheod.
956 3583 989 3592 —
1018 3557 1034 3605 8
1056 3548 1133 3622 νύμφ

120 3626 198 3678 πενθ.
214 3632 272 3678 πᾶν
290 3622 343 3692 γάρ
362 3640 431 3694 φησι
448 3623 481 3678 τὸ
499 3622 635 3678 ΡΤΙιοού.
1123 3663 1126 3668 .
