2617 3909
539 256 729 307 XPONIKON
1072 255 1138 318 469

118 405 158 466 τὰ
183 405 315 486 χρήματα
338 405 470 486 διήρχετο
489 403 544 482 τήν
563 404 696 484 Περσίδα
714 403 831 482 Μύνην
849 403 955 466 ἑαυτὸν
974 401 1137 483 ὀνομάζων,

113 502 174 564 ’καὶ
206 511 259 582 τῆς
290 503 406 582 πλάνης
437 511 490 564 τοῦ
516 501 637 562 Βούδδα
670 502 815 582 συνίστωρ
844 501 999 583 γινόμενος
1027 501 1077 562 καὶ
1103 502 1139 562 τά

116 601 224 682 βιβλία
247 601 404 680 πονήματα
427 601 489 661 ἴδια
511 599 605 680 ἔλεγεν
629 593 713 660 εἶναι.
759 595 795 660 δν
819 597 835 660 6
857 599 994 680 βασιλεὺς
1013 603 1138 681 Περσῶν
1152 616 1192 655 εοε
1205 614 1240 654 Μ.

121 696 246 779 ἐξέδειρε
265 701 358 772 ζῶντα
377 697 416 771 ὡς
434 699 569 758 θανάτου
588 697 748 778 γενόμενον
766 706 819 759 τοῦ
837 699 906 758 υἱοῦ
924 697 1016 758 αύτοῦ
1034 698 1137 758 αἴτιον.

119 805 178 857 τοῦ
205 794 260 878 γὰρ
291 798 444 876 βασιλικοῦ
471 795 578 868 παιδὸς
604 804 766 868 νοσοῦντος
792 794 841 856 καὶ
869 801 979 874 πολλῆς
1006 795 1137 877 ἰατρικῆς
1164 820 1177 858 ε
1251 830 1253 833 ·

120 893 287 971 ἐπιμελείας
310 893 526 973 ἀπολαύοντος,
551 893 740 974 ἐπηγγείλατο
764 894 879 972 Μάνης
902 892 989 974 χωρὶς
1012 893 1138 975 ἰατρείας

119 990 287 1071 ἀναστῆσαι
313 1001 432 1072 τοῦτον,
458 990 507 1052 καὶ
531 992 608 1053 ούτω
631 991 702 1064 τούς
729 991 847 1072 ἰατρούς
874 989 1043 1070 ἀποστήσας
1065 990 1137 1052 ἐθα-

117 1078 235 1151 ’νοίτωσε
266 1090 318 1152 τὸν
350 1090 442 1151 παῖδα
474 1098 508 1174 τή
539 1087 658 1172 ἀμελείᾳ
684 1088 734 1149 καί
760 1091 953 1175 τερατολογίᾳ.
1003 1087 1077 1171 ὑπὲρ
1106 1087 1137 1150 δὲ

120 1187 230 1249 τούτου
258 1187 369 1265 μισθὸν
397 1187 517 1261 ἐπάξιον
545 1186 665 1259 εἰκότως
689 1188 835 1266 κομίζεται
857 1187 913 1265 τήν
936 1186 1061 1268 ἕκδορδιν
1083 1196 1136 1248 τοῦ

118 1286 294 1346 παναθλίου
318 1284 411 1347 αὐτοῦ
435 1286 575 1365 σώματος.
1151 1309 1177 1348 ιο

186 1376 219 1442 Ὁ
242 1384 344 1444 τοίνυν
367 1382 563 1464 ἕμβρόντητος
586 1375 673 1454 οὗτος
691 1383 805 1461 Μάνης
826 1380 1064 1461 ἀποβαλλόμενος
1081 1382 1137 1460 τήν

119 1479 253 1540 παλαιάν
281 1480 435 1558 διαθήκην
461 1479 511 1540 καὶ
538 1479 593 1559 τήν
620 1481 715 1540 κτίσιν
737 1490 836 1540 πᾶσαν
859 1477 908 1540 καὶ
931 1478 986 1559 τήν
1008 1489 1061 1541 τοῦ
1083 1478 1136 1539 ἀν-

120 1579 250 1660 θρώπου
273 1577 458 1656 κατασκευήν
472 1578 531 1648 οῦκ
549 1577 669 1658 ἀγαθοῦ
688 1601 768 1651 τινος
785 1584 861 1639 θεοῦ
878 1576 1030 1659 γεγονέναι
1047 1579 1136 1658 βλασ-

120 1685 234 1756 φημῶν
266 1674 325 1736 ύπδ
359 1675 482 1757 φθορδιν
513 1675 563 1736 καλ
595 1675 750 1738 ἀλλοίωσιν
778 1669 886 1756 ούσαν,
916 1675 971 1754 τήν
997 1673 1069 1738 νίαν
1096 1673 1136 1748 ὥς

121 1773 244 1856 ἀγαθοῦ
267 1775 364 1854 δήθεν
386 1775 535 1855 προσίεται
553 1779 639 1853 θεοῦ,
662 1774 712 1835 καὶ
729 1774 803 1834 κατά
825 1775 993 1852 φαντασίαν
1015 1773 1065 1835 καλ
1086 1773 1136 1836 δό-
1151 1797 1176 1837 15

120 1889 211 1950 κησιν
234 1871 285 1933 τὸν
304 1871 434 1953 Χριστὸν
452 1870 619 1951 πεφηνέναι
637 1873 823 1954 τερατεύεται.
861 1871 910 1933 καλ
929 1872 1003 1955 πρὸς
1021 1873 1135 1946 τούτοις

119 1969 294 2041 καταδύσεις
317 1969 399 2042 τινὰς
422 1968 534 2050 ἐναγεῖς
561 1968 610 2030 καὶ
639 1969 811 2052 νυκτερινὰς
834 1969 946 2043 τελετάς
968 1968 1018 2030 καὶ
1040 1992 1135 2052 παρα-

119 2065 233 2147 νόμους
260 2065 453 2145 ἐπιτηδεύσας
481 2067 570 2146 μίξεις
598 2065 648 2127 καὶ
677 2066 887 2148 ἀρρητοποιΐας
916 2067 967 2128 καὶ
998 2065 1134 2148 είμαρμέ-

118 2181 179 2244 νην
206 2163 257 2225 καὶ
285 2165 553 2245 μετενσωματώσεις
578 2164 628 2225 καὶ
651 2162 724 2226 ἀλλα
746 2171 865 2226 πλεῖστα
888 2165 1062 2246 φλυαρήσας
1084 2164 1135 2225 καί

120 2264 232 2344 δράσας
258 2261 308 2322 καὶ
336 2263 458 2336 διδάξας
485 2261 520 2322 τά
547 2272 605 2322 τῶν
623 2257 775 2340 Ἑλλήνων
802 2262 920 2343 πονηρὰ
949 2262 999 2322 καλ
1027 2263 1134 2341 μάταια
1148 2287 1175 2328 το
1207 2316 1210 2318 ,

119 2361 253 2441 δόγματα
275 2361 431 2441 κρατύνειν
453 2359 636 2421 ἐσπούδακεν
660 2359 675 2421 6
698 2361 842 2439 θεομισής
864 2358 914 2420 καὶ
936 2360 1089 2438 θεήλατος.

189 2456 263 2539 Περὶ
291 2450 327 2518 οὗ
355 2476 432 2536 φησι
459 2457 508 2518 καὶ
539 2457 692 2540 Θεόδωρος
718 2459 913 2540 πρεσβύτερος
940 2456 956 2520 6
984 2467 1036 2537 τῆς
1058 2453 1134 2519 ‘Paz-

119 2562 195 2617 θοῦ·
226 2555 341 2634 Μάνης
369 2553 384 2615 6
407 2565 460 2616 τοῦ
487 2553 645 2616 ἀντιθέτου
673 2555 796 2628 σκότους
823 2555 996 2637 ἐφευρετής,
1024 2561 1134 2635 μᾶλλον

118 2671 334 2690 ¹.....-—--—

192 2751 280 2798 3-10
294 2744 399 2799 Theod.
410 2744 485 2799 Leon.
500 2747 534 2812 cf.
551 2745 654 2799 Socran.
670 2745 704 2798 Η.
720 2744 786 2799 eccl.
803 2745 824 2812 Ι,
840 2751 881 2798 22.
898 2777 931 2784 -
951 2751 1057 2813 22-μ.
1070 2750 1132 2812 473,

119 2823 153 2871 15
174 2816 312 2871 Theodori
326 2816 506 2870 Rhaituensis
521 2816 605 2870 Liber
618 2816 653 2870 de
668 2817 860 2870 incarnatione
880 2833 920 2885 ομ.
937 2822 1017 2886 23ης.
1036 2815 1132 2886 Migne

117 2887 434 2957 Τοιο.91,1485οεςη.
537 2962 540 2968 Ι

192 3054 207 3101 2
227 3047 372 3118 γινόμενος
390 3047 492 3102 ACDP
502 3047 591 3101 Crnm.
616 3045 766 3116 γενόμενος
783 3048 842 3101 rell.
864 3079 896 3087 -
922 3053 936 3099 7
955 3054 1037 3101 τοῦτο
1057 3047 1132 3101 OEL

119 3119 207 3174 αὐτόν
222 3123 253 3172 A.
272 3152 305 3159 -
320 3125 336 3172 8
351 3117 420 3186 ὑπὲρ
435 3121 536 3174 τούτου
552 3123 613 3188 (ονε.
629 3119 671 3188 δὲ)
685 3119 734 3171 AB
753 3119 833 3187 (ὑπὲρ
850 3114 884 3172 οῦ
898 3119 938 3188 Ρ).
959 3151 992 3158 -
1013 3125 1046 3171 13
1059 3123 1132 3174 θεοῦ

116 3190 230 3254 τινοςΙι
249 3193 320 3245 θεοῦ
340 3207 390 3246 om.
405 3191 438 3244 R.
455 3223 487 3231 -
508 3197 542 3245 14
560 3186 649 3244 ούσαν
668 3191 717 3244 καί
730 3187 877 3243 ἀλλοίωσιν
890 3189 924 3242 N.
940 3221 975 3230 -
995 3195 1027 3244 15
1046 3208 1132 3259 προσ-

117 3261 192 3320 ιέναι
207 3261 347 3316 CELNR.
357 3294 391 3302 —
405 3268 438 3316 21
455 3263 627 3316 ἐσπούδακεν
641 3261 717 3314 ΑΒΡ
726 3261 791 3315 Exn.
808 3261 981 3315 ἐσπούδασεν
990 3261 1017 3314 Ν
1031 3261 1132 3316 ἐσπού-

116 3337 202 3397 δαζεν
219 3333 278 3387 rell.

127 3505 129 3508 '
190 3499 207 3545 4
226 3493 317 3548 αίτιον
336 3502 385 3548 τοῦ
402 3493 467 3548 υἱοῦ
487 3494 573 3547 αὐτοῦ
592 3493 622 3546 Ρ.
643 3525 677 3533 -
697 3498 712 3545 6
731 3492 835 3562 Μάνης
852 3509 902 3548 om.
918 3493 948 3546 P,
968 3524 1003 3533 -
1021 3498 1037 3546 9
1057 3491 1131 3547 εἰκό-

113 3585 170 3626 τως
189 3565 309 3633 ἐκδορδιν
325 3564 502 3635 ἀπηνέγκατο
515 3562 676 3632 παραυτίκα
690 3572 740 3618 τοῦ
755 3565 783 3618 Ρ.
799 3596 832 3605 -
853 3570 885 3617 11
901 3564 991 3634 μοίνης
1005 3558 1086 3626 οὗτος
1100 3564 1131 3616 Ρ.

116 3667 153 3677 -
172 3641 206 3688 22
226 3634 240 3688 6
259 3643 309 3705 τῆς
328 3633 351 3708 ᾇ.
367 3637 549 3708 πρεσβύτερος
567 3635 694 3705 Ρ(Εκο.).
