2617 3909
540 207 730 259 XPONIKON
1081 206 1146 270 667

123 355 179 417 καὶ
210 353 408 434 κακοσχόλους
438 354 659 428 Καππαδόκας;
692 356 722 415 τί
750 354 821 427 τούς
853 355 1066 428 οίνοδυνάστας
1097 354 1147 416 καλ

127 451 452 535 γιγαντοκοιλιολάτρας
471 451 624 532 ἐρεθίζειςς
643 454 673 512 τί
688 452 758 526 τούς
776 453 935 525 λυσσώδεις
954 453 1047 525 κύνας
1065 451 1148 535 ἀγρι-

125 553 232 632 αίνεις,
255 542 298 610 ὧν
320 549 356 609 τά
379 549 514 630 δήγματα
537 550 682 625 θύνατος;
711 551 741 610 τί
765 549 817 623 τάς
840 549 994 631 λοιδόρους
1016 549 1148 630 γλώσσας

125 647 328 731 παραθήγειςς
350 648 381 707 τί
400 645 452 720 τάς
475 647 582 708 ἑαυτοῦ
600 648 728 727 χραίνεις
746 647 913 727 ὑπολήψεις
931 647 1054 720 ἐκείνοις
1077 665 1149 728 συγ-

129 745 304 827 κρινόμενος
326 744 376 806 καλ
404 745 708 825 συμπεριφερόμενοςς
736 739 781 818 οίς
803 744 853 806 καλ
881 743 1081 827 ἀνδραπόδοις
1104 768 1148 818 τις
1176 765 1192 806 ι-

128 843 299 926 χρήσασθαι
326 844 470 922 νουνεχὴς
497 841 554 904 ούκ
580 841 720 924 ἀνέχεται.
766 841 816 904 καί
840 852 917 924 γοῦν
943 843 1019 922 ἔφης
1042 841 1149 916 ἀνάξια

129 940 184 1021 μὲν
206 950 265 1002 τῶν
288 941 378 1002 πύλαι
401 941 495 1001 θείων
517 939 652 1021 πατέρων
675 940 710 1002 τά
737 938 803 1019 ἤθη
827 949 886 1000 τῶν
908 949 967 1001 νῦν
990 939 1148 1020 δρωμένων
1222 957 1223 960 ’

128 1040 353 1118 Καππαδοκῶν,
376 1036 427 1098 καὶ
450 1037 506 1098 ούκ
528 1037 560 1098 ἐκ
583 1039 696 1099 τούτων
714 1037 846 1110 ἐκείνους
863 1043 1043 1119 γεγενῆσθαι
1063 1039 1148 1117 νομί-

128 1139 196 1210 ζεις.
237 1132 300 1197 ἀλλ’
317 1135 406 1217 ἔγωγε
425 1136 630 1209 Καππαδόκας
647 1135 718 1208 τούς
737 1133 840 1215 ἁγίους
859 1134 990 1208 ἐκείνους
1008 1135 1149 1214 σύμφημι

126 1239 318 1315 γεγενῆσθαι,
338 1232 388 1294 καί
406 1242 493 1294 τοῦτο
513 1234 636 1311 μάλιστα
653 1232 805 1315 γνώρισμα
822 1241 876 1312 τῆς
893 1233 1006 1294 τούτων
1024 1232 1147 1312 ὑπάρχει
1163 1254 1189 1293 ιο

127 1331 368 1412 κακοφροσύνης.
413 1330 442 1391 εί
467 1329 523 1411 γάρ
551 1331 591 1410 μὴ
624 1329 657 1391 ἐκ
689 1331 802 1391 τούτων
831 1329 938 1391 ἐκεῖνοι
970 1328 1149 1410 ἐξέλαμψαν,

128 1423 207 1509 εἶχεν
234 1426 273 1488 ἀν
300 1427 463 1510 ἀπολογίαν
492 1429 525 1491 τὸ
552 1428 692 1490 κάκιστον
720 1427 771 1488 καλ
797 1427 947 1506 κακόηθες
977 1427 1067 1499 ἔθνος
1094 1427 1149 1506 την

127 1524 251 1607 γενικὴν
278 1527 427 1607 πονηρίαν
454 1523 495 1599 ὡς
521 1525 670 1605 ἔμφυτον,
698 1524 748 1585 καὶ
776 1525 871 1586 αἴτιον
896 1523 934 1584 ἀν
962 1534 1015 1604 τῆς
1044 1525 1150 1598 κακίας

128 1624 184 1685 τὸν
202 1622 387 1704 δημιουργὸν
405 1622 591 1701 ἐποιήσαντο.
633 1618 696 1684 ἀλλ’
713 1622 746 1684 ἕν
765 1621 888 1697 ἐκείνοις
907 1627 968 1694 τοῖς
986 1621 1149 1704 θεοφόροις

128 1719 256 1802 ἀνδράσι
279 1721 439 1799 λαμψοίσης
461 1730 515 1800 τῆς
537 1721 670 1800 φύσεως,
693 1719 725 1781 ἐν
748 1721 863 1794 τούτοις
886 1719 1016 1799 ἐκδήλως
1038 1719 1073 1781 τά
1096 1728 1148 1800 τῆς
1163 1740 1189 1781 15

129 1818 252 1899 γνώμης
273 1819 451 1900 γνωρίζεται.

412 1975 486 2060 [νβ’.
519 1976 607 2060 Περί
626 1971 861 2059 Ἡρακλείου]

198 2101 287 2163 Μετά
318 2100 351 2164 δὲ
382 2106 494 2163 Φωκᾶν
524 2101 712 2181 ἐβασίλευσεν
741 2094 917 2181 Ἡράκλειος
943 2099 992 2178 ἔτη
1024 2096 1062 2160 λ’.
1113 2096 1148 2160 δν

129 2198 257 2281 Σέργιος
284 2198 301 2260 δ
328 2199 508 2279 πατριάρχης
535 2198 585 2259 καί
614 2195 633 2276 ἡ
662 2198 825 2278 σύγκλητος
856 2195 927 2276 μετά
959 2195 1069 2269 παντὸς
1096 2205 1149 2257 τοῦ

129 2303 206 2358 λαοῦ
234 2294 413 2377 ἀνηγόρευσε
441 2296 560 2375 βασιλέα
587 2296 620 2357 ἐν
647 2305 683 2381 τῇ
710 2295 819 2378 μεγάλη
843 2293 988 2380 ἐκκλησίᾳ.
1035 2293 1093 2356 ἀπὸ
1118 2293 1149 2356 δὲ
1165 2317 1191 2355 ιο

206 2463 300 2512 1-16
318 2457 385 2510 Isid.
404 2458 440 2512 ιλι.
459 2457 484 2526 Ι,
504 2463 569 2524 3513
588 2462 639 2510 352
667 2457 763 2526 Migne
783 2461 835 2510 384
844 2457 876 2509 A.
902 2487 936 2496 —
961 2461 1066 2525 18-γι.
1087 2461 1148 2523 668,

133 2536 151 2582 2
171 2528 289 2596 Niceph.
302 2545 330 2597 p.
346 2533 371 2596 5,
386 2533 410 2582 8.

204 2667 220 2713 2
238 2660 289 2724 τάς
302 2661 335 2716 Α,
350 2693 386 2702 -
404 2666 420 2715 3
435 2660 562 2732 δόγματα
576 2662 606 2714 Β.
621 2692 655 2701 -
676 2667 692 2714 6
712 2661 763 2715 ούιι
777 2658 906 2731 ἀνέχεται
920 2659 1055 2730 νουνεχής
1067 2659 1099 2713 Β.
1115 2690 1150 2699 -

134 2738 169 2787 10
188 2732 308 2802 ύπάργει
326 2749 376 2787 om.
392 2732 422 2786 B.
443 2764 477 2773 -
502 2739 535 2786 12
554 2729 590 2786 ἀν
609 2748 661 2786 σοι.
680 2731 777 2786 BIsid.
802 2763 837 2771 —
859 2731 909 2801 τὴν
928 2731 1060 2802 γεννικὴν
1079 2730 1150 2801 ἔχων

132 2800 275 2873 πονηρίαν
293 2803 326 2856 Α.

206 2942 221 2990 7
240 2935 369 3004 πατέρων
383 2933 524 3008 βασιλείου
537 2938 587 2990 καλ
600 2931 751 3006 γρηγορίου
766 2934 788 2988 Ρ
802 2935 898 3003 (invito
912 2933 997 3003 leid).
1014 2964 1048 2974 -
1064 2938 1098 2986 14
1116 2932 1152 2988 τά

133 3016 186 3078 τῆς
198 3012 371 3076 θεοστυγοῦς
388 3008 612 3076 καλθηριίιδονς
625 3026 655 3061 τε
670 3007 719 3061 καλ
733 3005 939 3075 δαιμονιώδους
956 3005 1068 3074 γνώμης
1081 3025 1152 3073 γνω-

131 3076 239 3148 ρίζεται
251 3077 411 3146 πρόδηλαΡ
425 3078 500 3147 (laid.
515 3085 548 3133 ιιι
555 3079 623 3147 AB).
634 3109 668 3119 -
684 3083 780 3145 18-γι.
793 3080 880 3144 668‚7
896 3073 929 3130 ὃν
944 3074 993 3128 σ.ὁ
1008 3093 1089 3142 παιρ.
1103 3076 1152 3128 καλ

133 3159 192 3213 πᾶς
206 3149 221 3203 δ
235 3150 302 3211 λαὸς
314 3155 364 3217 τῆς
378 3148 484 3238 πόλεως
497 3148 691 3219 ἀναγορεύσας
706 3149 737 3238 ἐη
750 3155 783 3217 τῇ
799 3166 856 3216 μεγ.
870 3147 942 3202 ἐκκλ.
957 3143 1152 3236 βασιλέασυν-

132 3215 1153 3363 καλεελκικικεάκιακκικιλλσεκ

134 3361 191 3417 ὑπὸ
210 3362 325 3418 πάντων
343 3363 381 3424 ὡς
398 3371 449 3417 τοῦ
465 3361 607 3430 τνράννον
626 3357 806 3429 καθαιρότης.
840 3358 901 3416 ὁδε
915 3357 1032 3427 κρίσπος
1050 3355 1152 3413 αὐτίκα

133 3434 287 3502 στρατηγὸς
304 3430 504 3494 καππαδοιιίας
522 3432 689 3495 ἀποσταλεὶς
706 3432 835 3486 κάκεῖναι
853 3431 902 3485 τὸν
921 3429 1071 3499 ἡράιιλειον
1090 3431 1153 3482 δια-

133 3503 301 3572 λοιδορήσας
319 3506 368 3558 καλ
386 3501 444 3574 μετ’
463 3501 557 3574 ὀλίγον
575 3503 607 3558 ἐν
625 3525 649 3558 ιι.
665 3523 722 3573 γεν.
740 3501 794 3572 ἔφη
813 3502 884 3570 πρὸς
902 3501 989 3556 αύτὸν
1007 3499 1154 3569 ἡράκλειος

134 3575 182 3630 ἐπὶ
202 3577 293 3644 συγκλ,
308 3574 330 3626 Ρ
350 3577 394 3644 (cf.
409 3574 547 3645 Nicoph.).
