2617 3909
201 217 268 281 7121
515 219 702 270 ΓΕΩΡΓΙΟΤ
720 220 903 271 ΜΟΝΑΧΟΤ

105 382 146 422 ⁶⁰³
159 381 190 422 Μ.
271 365 332 426 Καὶ
356 365 455 444 μέντοι
472 388 504 447 χε
527 365 578 426 καί
599 364 617 427 δ
635 363 725 446 μέγας
740 355 872 446 Ἐφραῒμ
894 363 927 426 ἓν
949 372 1011 438 τοῖς
1034 365 1109 427 κατδι
1126 369 1237 427 Καῖα-

203 473 280 525 νῶν
292 479 400 542 φησιν
432 461 483 523 καλ
510 463 535 524 δ
550 463 634 524 Κάϊν
662 461 772 524 στένειν
804 462 929 525 καλέ
881 463 929 544 τρέ
930 477 996 543 μειν
1011 463 1132 544 ἐκρίθη
1166 463 1294 564 ύπδ

204 571 257 641 της
276 561 474 639 συνειδήσεως
491 559 705 642 περιεχόμενος,
728 559 974 639 ύποστήσεταιδέ
992 570 1078 622 τοῦτο
1104 559 1157 622 ἐπι
1179 571 1235 640 τῆς
1293 509 1294 622 λ

203 657 329 721 αἰωνίου
352 659 506 730 κολάσεως.
547 657 580 719 τὸ
598 659 666 739 χύρ·
692 656 802 719 στένων
822 681 872 719 και
863 657 1020 740 τρέμων
1027 658 1083 775 ίσχχ
1104 652 1156 719 ἐπὶ
1178 668 1233 738 τῆς
1293 639 1294 700 λ

176 765 259 838 ιχῆς
286 757 377 835 δηλοῖ
398 755 531 834 πύντως,
563 755 649 816 ότιέ
635 753 683 816 έπί
710 765 762 834 τῆς
789 765 845 837 χής
872 757 980 835 ταύτης
1008 753 1024 815 δ
1051 755 1145 829 τόπος
1177 766 1231 835 τῆς
1293 765 1294 770 ’

202 856 326 934 κρίσεως
353 852 395 926 εἰς
422 853 478 932 τὴν
504 853 629 913 κοιλάδα
654 861 708 914 τού
735 858 935 932 κλαυθμῶνος
962 853 1036 914 κατὰ
1063 853 1118 927 τδις
1146 854 1231 933 ἱερὰς

203 952 329 1032 χραφάς.
375 949 430 1030 ούχ
452 948 473 1029 ή
495 959 534 1031 χή
557 950 608 1011 διὰ
629 951 685 1031 τήν
707 951 815 1031 κρίσιν,
838 949 909 1012 ούδδ
933 949 952 1030 ἡ
975 952 1071 1032 κρίσις
1094 951 1147 1012 διδι
1174 951 1231 1029 τήν

203 1057 273 1129 νῆν·
302 1045 338 1108 ⁰⁴⁹³
365 1047 421 1129 κᾶν
444 1045 464 1127 δ
487 1057 526 1129 νῆ
548 1048 693 1128 ἥμαρτεν,
723 1044 787 1108 ἀλλ’
808 1046 824 1108 ὁ
846 1046 1017 1131 ἅνθρωποι·
1065 1045 1084 1127 δ
1109 1042 1149 1129 νῆ
1177 1059 1230 1128 τοι

203 1154 258 1207 τού
275 1142 350 1207 θεοῦ
374 1145 460 1224 δίκης
481 1147 591 1227 γίνεται
613 1143 797 1227 ἀμυντήριον
821 1143 861 1218 ὥς
876 1156 939 1207 ’τῶν
957 1145 1066 1228 κριτῶν
1088 1147 1123 1208 τὸ
1143 1149 1230 1226 βῆμα

165 1267 191 1306 ιο
204 1242 254 1304 καλ
277 1245 476 1322 τῶνδημίων
499 1242 516 1304 δ
539 1243 675 1323 σίδηρος,
702 1242 752 1303 καί
776 1243 915 1323 δύναται,
939 1245 1048 1323 φησίν,
1074 1243 1109 1304 ἐν
1133 1262 1228 1325 προσ-

204 1342 319 1422 καίροις
346 1341 467 1414 αἰώνιος
493 1339 633 1422 γενέσθαι
658 1341 761 1421 κρίσις.
774 1334 779 1338 ”
806 1340 856 1402 καί
879 1339 900 1420 ή
924 1341 995 1423 σδιρξ
1019 1350 1078 1402 τῶν
1102 1340 1228 1422 ἀνθρύ-

204 1461 271 1500 πων
293 1448 351 1499 νύν
374 1439 473 1518 θνητή
497 1437 589 1517 ἐστιν,
617 1437 691 1498 ἀλλὰ
715 1437 778 1499 τότε
800 1438 952 1519 γενήσεται
977 1437 1148 1519 ἀδύνατος,
1178 1439 1229 1500 καὶ

206 1533 223 1596 δ
243 1537 421 1616 παράδεισος
442 1531 483 1596 δι’
503 1536 658 1614 αἰσθητῶν
682 1535 826 1609 συνεστὼς
849 1535 973 1598 αἰιόνιον
995 1536 1051 1616 ἔχει
1074 1536 1133 1615 τήν
1150 1536 1228 1598 Ιἀπό-

206 1638 319 1694 λαυσιν.
361 1632 417 1694 ούκ
435 1632 467 1693 ἰν
485 1635 641 1716 παραβολῇ
661 1633 773 1713 εἴρηται
795 1632 861 1716 περὶ
879 1644 932 1695 τοῦ
950 1635 1146 1714 παραδείσου,
1170 1635 1228 1696 ούκ

168 1751 193 1792 τε
208 1729 241 1790 έν
259 1729 384 1810 σχήματι
403 1729 557 1809 ἐφυτεύθη
577 1736 617 1814 τῷ
631 1731 779 1811 πράγματι
802 1730 989 1813 ἀνύπαρκτος
1011 1730 1062 1793 ἰόν.
1101 1735 1227 1804 Παῦλος

206 1825 298 1888 αύτδν
323 1827 392 1906 μετὰ
410 1830 627 1908 πεντακισχίλια
645 1827 695 1905 ἔτη
715 1827 865 1892 ἐθεάσατο.
907 1829 970 1890 ἐκεῖ
983 1828 1156 1908 ἀπεδήμησε
1175 1819 1227 1891 καλ

205 1923 315 2004 ήκουσε
342 1924 377 1985 τὰ
405 1935 458 2006 τής
486 1925 640 2003 ἐκκλησίας
668 1926 829 2006 μυστήρια,
857 1925 950 2006 ἀνέβη
978 1925 1028 1988 καὶ
1055 1927 1107 1999 εἰς’
1125 1929 1226 2009 τρίτον
1294 1985 1295 2000 2

206 2022 337 2104 ούρανδν
355 2023 406 2084 καί
423 2022 532 2103 ήκουσε
552 2023 587 2084 τά
605 2033 658 2084 τοῦ
677 2023 832 2102 μέλλοντος
849 2022 931 2086 ἀΐδιοι
950 2024 1090 2104 δόγματα.
1133 2024 1224 2106 ούρα-
1294 2049 1295 2088 ι

205 2120 260 2182 νδν
283 2121 333 2182 καί
356 2131 413 2202 χήν
431 2121 486 2200 τήν
505 2120 600 2200 αύτήν
618 2121 703 2202 χάριν
722 2118 738 2181 δ
758 2120 829 2193 θεὸς
848 2119 966 2182 ένέδνσε
989 2120 1038 2182 καί
1057 2122 1109 2184 τὸν
1128 2123 1222 2203 παρά-
1294 2137 1295 2148 ²

166 2240 193 2280 το
206 2219 305 2280 δεισον
324 2218 358 2280 ἐν
376 2217 484 2292 ἀιδίοις
497 2217 681 2299 ἔπαχχελίαις
699 2218 926 2298 συστησάμενος.
964 2217 1011 2303 σοὶ
1031 2216 1084 2297 μὲν
1104 2218 1221 2303 τῷάπί-

206 2333 264 2400 στῳ
283 2316 413 2378 δοκεῖτὸ
432 2315 580 2394 αἰσθητὸν
599 2316 790 2397 πρόσκαιρον,
816 2315 881 2395 έμοί
902 2313 934 2377 δὲ
952 2323 991 2398 τῷ
1006 2323 1099 2399 πιστῷ
1118 2316 1169 2378 καὶ
1189 2319 1222 2379 τδ

206 2413 387 2495 πρόσκαιρον
410 2413 541 2474 αἰοόνιον.
587 2412 624 2473 ού
646 2419 726 2485 νοεῖς
748 2412 802 2492 τὴν
825 2414 964 2492 δύναμιν,
987 2411 1088 2492 ἐπειδή
1113 2413 1150 2475 ού
1172 2436 1222 2475 πι-

207 2511 317 2583 στεύεις
334 2519 369 2593 τῇ
384 2511 488 2591 χάριτι,
507 2509 543 2570 ού
560 2515 664 2592 χωρεῖς
681 2510 737 2589 τήν
753 2511 933 2590 κατάληψιν,
952 2511 995 2592 ότι
1013 2510 1050 2571 ού
1069 2512 1222 2592 γινώσκεις

280 2704 294 2750 1
313 2697 444 2751 Locum
436 2715 466 2749 1n
485 2697 569 2751 editis
587 2698 734 2767 Ephraimi
755 2697 817 2766 Syri
836 2697 967 2768 operibus
985 2715 1041 2752 non
1060 2699 1163 2753 inveni
1184 2732 1219 2740 —

207 2769 311 2824 4Gen
326 2767 479 2834 IV,12-
499 2768 636 2822 5Psalm
652 2773 687 2822 83
703 2772 766 2839 (84),
783 2775 860 2823 7.—
880 2774 912 2823 17
933 2775 956 2822 2.
973 2768 1032 2823 Cor.
1049 2775 1091 2838 12,
1106 2775 1183 2823 2-4

280 2934 294 2982 1
314 2946 345 2997 γε
363 2944 413 2982 om.
428 2927 484 2981 AB.
501 2960 533 2968 -
553 2937 681 2983 καϊανῶν
695 2927 769 2983 ΑΟΡ
793 2929 919 2984 καιάνωυ
938 2929 960 2982 Ε
983 2937 1091 2984 καϊνῶν
1110 2930 1221 2998 (καϊνδν

205 3015 277 3053 rene.
296 2998 436 3068 nonnulli)
454 2998 505 3052 RV
528 2999 595 3054 κάϊν
613 2999 679 3053 ΒΜ.
716 3001 755 3054 In
772 3000 796 3053 D
816 3002 882 3055 κόῑν
901 2997 940 3054 δον
959 3004 1028 3054 ττι-2
1045 3017 1079 3054 ιω
1097 2999 1163 3055 κάϊν
1180 2996 1220 3056 δν

205 3086 274 3125 corr.
289 3071 343 3124 vid.
360 3101 393 3110 -
410 3076 442 3124 11
457 3069 610 3132 αἰωνόωςΒ
624 3069 790 3132 αἰωνίοιςΜ
809 3072 890 3126 αἰῶσι
904 3071 936 3124 R.
953 3103 985 3110 —
1002 3076 1036 3126 18
1051 3069 1171 3135 αἰωνίοις
1183 3072 1217 3128 N.

207 3172 240 3181 -
260 3147 293 3194 21
313 3141 345 3196 τὸ
364 3149 427 3196 ante
445 3139 618 3209 πρόσκαιρον
636 3158 687 3196 om.
705 3142 765 3196 BR.
1099 3175 1100 3178 =
1145 3177 1148 3182 -

205 3299 285 3370 Mign
287 3300 398 3354 e'l'om
418 3307 461 3367 59,
479 3302 602 3370 λόθῇκ)
621 3301 688 3370 ἔφη
713 3301 762 3355 καλ
784 3299 837 3370 χάρ
862 3301 902 3362 εἰς
922 3300 973 3354 τὸν
991 3297 1110 3367 κρανίου
1133 3246 1218 3354 τόπου

208 3371 279 3439 φασδ
291 3371 341 3424 τὸν
356 3370 433 3440 ἀδδιμ
446 3370 669 3440 τετελευτηκέναι
683 3372 765 3425 κάκεῖ
777 3373 900 3439 κεῖσθαι,
915 3371 988 3424 ἔνθα
1002 3371 1056 3424 καλ
1066 3370 1218 3433 δθάναιος

209 3437 392 3511 ἐ,βασίλευσεν
407 3442 456 3494 καὶ
469 3440 485 3494 δ
499 3441 596 3508 κύριος
609 3441 640 3495 τὸ
656 3441 792 3508 σωτήριον
806 3441 929 3504 πόθος
916 3437 1070 3509 υπομείνας
1083 3439 1217 3509 τρόπαιον

208 3511 270 3578 ἔστη
271 3526 378 3564 σιν.»
399 3509 501 3564 1δδέ
518 3529 561 3564 τοι
567 3510 666 3596 μέγας
683 3508 787 3580 ἐφραλμ
807 3511 829 3565 Ρ
847 3529 906 3566 κιαι
925 3513 975 3567 litt.
992 3518 1053 3579 post
1070 3529 1114 3565 τοι
1131 3527 1215 3567 erasa

209 3611 241 3618 -
262 3584 278 3631 ό
296 3581 398 3647 ταύτης
417 3580 491 3633 ἐστὶν
510 3579 525 3631 ὁ
543 3599 629 3643 τοπος
646 3581 676 3633 Ρ
1170 3617 1173 3632 .
