2617 3909
182 227 247 290 τος
497 225 684 296 mesmes
702 224 885 275 ειοεωεοο

180 375 458 456 είδωλολατροῦντες
480 371 530 433 καὶ
552 380 587 456 τῇ
611 364 681 452 παρ’
696 366 840 449 Ἕλλησιν
860 366 1021 454 Ἀφροδίτῃ
1045 369 1211 454 λεγομένῃ,

180 468 260 534 τοῦτ’
281 472 340 534 ἔστι
362 480 397 555 τῇ
417 467 525 554 ἡδονῇ,
547 477 784 551 προσκυνοῦντες
806 466 856 528 καλ
878 467 931 531 τὸν
951 467 1067 550 ἀστέρα,
1091 469 1209 546 ταύτης

181 570 237 652 γὰρ
259 564 335 631 εἶναι
358 569 410 630 τδν
433 567 587 646 ἑωσφόρον
610 571 849 648 μυθολογοῦσιν,
877 563 916 644 ἣν
939 566 977 644 δὴ
1000 565 1051 627 καί
1073 565 1207 646 Κουβάρ

181 677 217 752 τῇ
250 666 364 728 ἑαυτῶν
395 665 573 749 κακεμφάτφ
605 662 841 742 ἐπονομάσαντες
872 664 1004 747 γλώσση,
1036 663 1109 744 ὅπερ
1144 663 1207 724 ἐστὶ

155 766 310 847 σμεγάλη,
341 763 490 845 διέμειναν
522 763 576 837 ἕως
607 760 673 839 ἀρτι
699 761 755 841 τὴν
780 755 960 843 Ἀφροδίτην
987 760 1061 822 θεὸν
1090 758 1207 840 ὀνομά-

183 866 288 936 ζοντες.
316 863 381 942 ,ἵνα
405 859 437 922 δὲ
461 861 500 940 μὴ
523 859 655 938 δόξωμίν
677 876 735 920 τισι
757 859 963 940 ψευδολογεῖν,
987 859 1205 937 σαφηνίσωμεν

183 959 215 1020 τὸ
244 957 317 1039 μίγα
344 958 443 1019 αὐτῶν
470 957 641 1036 μυστήριον.
687 956 743 1036 ἔχει
773 954 806 1017 δὲ
834 953 852 1035 ἡ
881 955 956 1031 λέξις
986 966 1038 1036 τῆς
1066 965 1206 1035 μνσαρῶς

183 1055 282 1144 αὐτῶν
301 1054 350 1116 καί
369 1055 562 1134 παμβεβήλου
581 1063 746 1135 προσευχῆς
765 1055 871 1128 οὕτως·
893 1050 988 1133 Ἀλλά,
1004 1049 1101 1131 Ἀλλά,
1127 1053 1205 1131 Ούά,

183 1153 319 1234 Κουβάρ,
334 1146 428 1213 Ἀλλά.
470 1151 570 1212 καὶτὸ
589 1148 643 1229 μὲν
659 1146 755 1230 Ἀλλά,
771 1145 856 1212 Ἀλλά
875 1151 1064 1233 ἑρμηνεύεται
1083 1149 1100 1210 δ
1119 1139 1205 1229 θεός,

145 1273 171 1311 10
185 1247 201 1311 δ
214 1250 306 1337 θεός,
331 1250 364 1311 τὸ
387 1247 419 1311 δὲ
445 1247 509 1310 0ύά
533 1249 648 1327 μείζων,
673 1248 705 1309 τὸ
729 1247 761 1309 δὲ
783 1249 908 1331 Κονβδιρ
932 1249 1042 1330 μεγάλη
1065 1246 1134 1326 ἤτοι
1157 1266 1205 1308 σε-

184 1350 261 1428 λήνη
280 1346 330 1408 καὶ
349 1348 516 1427 Ἀφροδίτη.
557 1346 629 1426 ὅπερ
652 1345 730 1407 ἐστὶν
751 1347 858 1419 οὕτως·
882 1345 899 1408 ό
918 1345 990 1418 θεὸς
1013 1342 1028 1406 δ
1047 1345 1121 1418 θεὸς
1141 1347 1204 1424 μεί-

185 1449 243 1519 ζων
261 1445 311 1506 καὶ
330 1443 349 1523 ἡ
369 1445 490 1525 μεγάλη,
509 1437 560 1504 εἴτ’
578 1435 633 1504 οὖν
651 1443 762 1522 σελήνη
780 1443 829 1504 καὶ
841 1438 1013 1525 Ἀφροδίτη,
1031 1442 1113 1516 θεός.
1153 1443 1204 1504 καὶ

185 1552 271 1628 τοῦτο
304 1543 459 1621 σαφηνίζει
491 1539 510 1619 ἡ
542 1541 680 1622 ἐπαγωγὴ
713 1550 766 1602 τοῦ
798 1542 963 1602 τελευταίου
988 1535 1082 1602 Ἀλλά.
1130 1542 1204 1619 άπερ

186 1641 283 1726 πάντα
318 1638 573 1717 ἕπικεκρνμμίνως
605 1647 640 1722 τῇ
675 1639 798 1717 ἰδιότητι
834 1649 886 1718 τῆς
918 1637 1032 1700 ἑαυτῶν
1068 1639 1204 1720 γλώσσης

148 1759 173 1798 ιο
187 1741 326 1797 λαλοῦσιν
344 1736 422 1797 οὕτω
441 1737 559 1813 φύσεως
581 1735 717 1815 ἐχούσης·
742 1733 761 1795 ἀ
784 1734 833 1808 καί
855 1746 991 1818 φανερῶς
1014 1736 1205 1814 δημοσιεύειν

188 1833 225 1894 ού
248 1831 437 1894 θίλουσιν’
411 1855 452 1906 εις
476 1833 611 1912 λογικοῦς
633 1831 816 1912 ἀνθρώπους
842 1831 891 1892 καὶ
914 1831 1075 1913 ἕχίφρονας
1097 1832 1199 1892 διὰ
1172 1857 1204 1894 το

187 1955 241 2029 της
264 1931 473 2011 καταγνώσεως
495 1929 654 2010 πρόδηλον.
698 1929 770 1991 ἀλλὰ
793 1929 862 2002 τοὺς
886 1928 939 2008 μὲν
961 1931 1113 2011 χοιρώδεις
1136 1931 1206 1991 τού-

187 2053 258 2102 τους
280 2028 330 2089 καὶ
352 2029 541 2107 τελματώδεις
566 2027 616 2086 καὶ
639 2025 733 2106 μηδὲν
756 2026 914 2109 περαιτέρω
938 2052 990 2107 της
1012 2025 1128 2107 ἡδονης
1155 2027 1205 2088 καὶ

188 2128 341 2211 ραστώνης
368 2126 481 2199 εἰδότας
508 2124 656 2203 ἀφέμενος
684 2123 699 2186 δ
724 2123 852 2206 λόγος’
836 2149 875 2199 ως
898 2123 1128 2219 ἀνεπαισθητως
1155 2124 1205 2185 καὶ

149 2247 175 2285 εο
189 2222 355 2303 ἀνηκέστως
376 2233 539 2295 νοσοῦντας
562 2223 636 2303 πρὸς
659 2220 692 2282 τὰ
711 2221 779 2301 ἑξῆς
801 2232 854 2301 τῆς
872 2221 1001 2304 ίστορίας
1023 2223 1160 2302 χωρείτω,

209 2328 213 2335 ”
256 2322 343 2382 Μετὰ
367 2317 399 2382 δὲ
421 2321 473 2381 τὸν
496 2321 630 2380 θάνατον
652 2328 706 2379 τοῦ
728 2321 876 2398 θεηλάτου
896 2319 1082 2398 Μονχούμεδ
1104 2319 1205 2398 ε’φάνη
1293 2389 1294 2392 ¹

205 2521 209 2524 .
262 2480 368 2541 21-μ.
384 2477 444 2540 707,
459 2477 475 2525 θ
494 2474 529 2539 cf.
543 2471 669 2541 Theoph.
683 2489 712 2540 φ.
728 2477 789 2537 336,
804 2477 845 2525 21.

262 2612 278 2658 2
292 2605 361 2660 Posi
373 2604 476 2671 ἀστέρα
490 2604 668 2658 intercidisse
678 2606 818 2672 quaedam
828 2573 1125 2670 videntur‚nis1'‘forte
1139 2605 1205 2674 plus
1293 2623 1294 2638 ¹

191 2677 274 2732 solito
294 2673 413 2745 ψελλίζει
427 2675 621 2744 Georgius-
641 2676 816 2765 Βκούβαρον
831 2673 962 2729 ew-
982 2675 1208 2763 εόνομάσαντες
1293 2709 1294 2720 2

190 2748 291 2802 AB.—
308 2754 340 2801 11
356 2748 405 2801 καὶ
418 2748 477 2815 ἀφ
479 2743 598 2813 οδίτη-
605 2752 637 2798 12
653 2745 752 2836 σεληνη
762 2763 813 2802 om
824 2745 936 2798 ΝΒ.-
952 2751 984 2799 12
1000 2743 1050 2800 εἴτ’
1063 2742 1148 2815 οδνὴ
1162 2763 1207 2800 σε-
1293 2763 1294 2766 ’

190 2819 241 2888 λην
241 2818 381 2890 η.-Ε(ὶ
402 2819 532 2872 sociante
548 2814 697 2886 Ἀφροδίτη
717 2833 766 2872 om.
782 2815 977 2872 OEGRV.-
998 2821 1031 2870 17
1051 2819 1118 2872 Post
1136 2817 1207 2886 τερ-ό

190 2893 276 2960 δηλον
294 2891 317 2943 Β
337 2889 416 2944 add.-
438 2889 505 2943 οῦδὲ
527 2888 563 2942 τὰ
586 2888 618 2942 ἐν
636 2893 674 2958 τῷ
692 2892 782 2963 κουρᾷ
804 2885 967 2960 βιβλιδαρίφ
992 2887 1134 2942 ἑαλωκότα
1155 2908 1207 2956 μυ-

189 2962 282 3030 θάρια
299 2961 392 3030 πάσης
409 2957 590 3027 ἀκαθαρσίας
607 2941 863 3027 μεμεστωμίναμ-
882 2965 915 3012 21
936 2959 967 3013 δὲ
955 2957 1110 3012 δΑΒΜΡ
1122 2909 1174 3013 δίμ
1174 2979 1206 3029 γε

189 3033 304 3088 rsll.—
272 3032 482 3102 -μουχούμεδ
499 3031 544 3085 hic
561 3029 692 3085 etiamli.

263 3171 279 3216 3
298 3168 506 3235 μυθολογοῦσιν
529 3162 557 3217 ολ
579 3161 778 3230 μυθοπλάσται
800 3162 849 3215 καλ
873 3159 1032 3230 αὐτόνομοι.
1065 3161 1103 3230 ἣν
1120 3162 1151 3216 Ρ.
1171 3194 1208 3204 -

191 3240 208 3287 ό
225 3235 278 3302 τὴν
295 3233 499 3303 ἀφροδίτηυ-
509 3239 542 3286 17
561 3231 705 3302 πρόδηλον
723 3234 834 3287 omnino
848 3234 929 3287 aliter
945 3235 1081 3301 multoque
1094 3235 1208 3288 uberius
1292 3283 1293 3288 ,

190 3305 338 3358 ιωλιῶείΡ.
371 3307 440 3393 Ταμι
453 3308 485 3358 in
498 3321 529 3359 eo
541 3311 693 3394 ετηκμκσατ
703 3319 732 3372 φ.
748 3309 809 3370 699,
825 3309 929 3372 11-φ.
941 3307 1001 3369 702,
1012 3309 1084 3357 9.-
1106 3309 1141 3358 20
1160 3324 1206 3358 νο-
1292 3307 1293 3376 J

193 3381 311 3435 σοῦντας
324 3374 418 3427 καὶ
386 3395 423 3442 μη
438 3382 576 3438 νοοῦντας
585 3373 763 3442 (ἄφρονες
733 3394 786 3443 γαρ
799 3373 1065 3443 μαστιγωθέντες’
1034 3394 1087 3429 ουκ
1101 3374 1208 3429 αίσθά-
1292 3385 1293 3392 ’

193 3462 291 3496 νονται
308 3443 400 3512 [Prov
421 3450 463 3510 17,
483 3446 539 3514 10])
530 3444 628 3511 )πρδς
645 3463 669 3496 τ
690 3444 752 3512 ἑξῆς
768 3464 792 3497 τ.
812 3443 862 3498 λστ.
882 3443 1003 3514 χωρείτω
1027 3443 1114 3514 λέγων
1137 3446 1209 3535 πρὸς

193 3512 307 3572 αὐτούς·
332 3513 486 3578 πορεύεσθε
510 3519 547 3584 τῷ
567 3515 666 3581 φωτί
662 3523 712 3568 τοῦ
735 3516 824 3583 πυρὸς
845 3517 924 3585 ὑμῶν
947 3516 995 3569 καὶ
1017 3523 1051 3586 τῇ
1070 3509 1208 3614 φλογί,η

194 3577 358 3643 ἐξεκαύσάτε
377 3581 441 3649 (Je8.
459 3587 493 3635 50
495 3585 569 3652 ‚.11)
589 3583 619 3637 Ρ
649 3660 651 3663 v
739 3663 741 3666 Ι
783 3648 784 3651 ¹
878 3647 880 3652 ,
