2617 3909
534 259 723 310 XPONIKON
1066 258 1131 322 497

119 403 299 487 ἀγριώτατος
328 405 378 466 καὶ
401 404 490 486 μέγας
512 407 592 466 πάνυ
615 404 764 489 ὑπάρχων.
809 405 860 467 καὶ
882 405 898 468 δ
921 406 1047 488 Ζαμβρὴ
1070 406 1133 469 ἔπι-

119 513 254 584 γαυριοῦν
276 508 315 588 τῷ
334 501 501 588 Σιλβέστρῳ
524 503 596 582 ἔφη·
620 512 678 565 νῦν
695 503 731 564 τὰ
748 503 867 585 βήματα
882 503 932 566 ιιαλ
950 501 970 584 ἡ
988 503 1134 578 όπόθεσις

119 611 180 662 τῶν
203 601 300 682 λόγων
326 619 382 663 σου
407 599 498 683 πέρας
520 599 643 676 ἕξουσιν.
690 601 718 663 εἰ
738 599 793 680 μὲν
814 594 871 664 ούν
892 608 1014 684 θαρρεῖς
1036 603 1078 677 εἰς
1100 602 1133 664 τὸ

120 697 217 778 ὄνομα
239 707 292 760 τοῦ
315 705 390 761 θεοῦ
413 717 478 778 σου,
503 697 565 761 εἰπὲ
587 709 674 761 τοῦτο
696 699 770 760 κατὰ
792 699 849 780 τὴν
870 698 966 780 ιὀιοην
988 709 1041 761 τοῦ
1063 700 1134 762 ταύ-

10 869 12 874 ,
117 819 175 876 ρου
203 795 254 858 καλ
281 797 425 882 δειχθήση
453 798 667 879 παντοκράτορι
692 799 881 880 θρησκεύων,
922 795 1004 860 εἰδὲ
1027 799 1133 880 μήγε,
1161 820 1173 859 ⁵

119 893 193 969 λέξω
217 894 284 976 ἐγώ,
307 894 357 956 καὶ
374 895 481 968 πάντες
498 903 533 980 τῇ
553 894 608 980 ἐμῇ
631 897 727 958 πίστει
748 897 978 978 συνδραμοῦσιν.
1019 905 1079 958 τῶν
1102 894 1134 958 δέ

116 987 271 1056 Ἰουδαίων
297 993 348 1054 ιιαλ
373 1001 433 1054 τῶν
459 990 555 1056 ύλλων
582 994 836 1075 παρορμησάντων
863 994 956 1056 εἰπεῖν
978 993 1030 1055 τόν
1052 998 1134 1074 Ζαμ-

118 1091 176 1172 βρὴ
202 1089 235 1151 τὸ
259 1088 353 1170 ’ὄνομα
375 1089 434 1152 ῦπὸ
457 1090 512 1170 τὴν
530 1088 625 1170 ἀκοὴν
643 1100 696 1152 τοῦ
714 1091 835 1172 ταύρου,
856 1091 907 1152 παλ
928 1101 1015 1153 τοῦτο
1033 1091 1135 1155 εἰπόν-

117 1210 183 1268 τος,
213 1187 307 1262 εύθύς
330 1187 346 1250 δ
369 1197 477 1270 ταῦρος
502 1187 666 1268 μυκηθμὸν
691 1187 867 1262 ύποτελέσας
891 1187 978 1270 μέγα,
1001 1188 1052 1250 καὶ
1074 1199 1135 1251 τῶν

118 1284 290 1366 ὀφθαλμῶν
304 1285 396 1348 αὐτοῦ
410 1285 601 1366 ἐξελθόντων,
620 1284 779 1348 ἀπέθανεν.
816 1285 1059 1367 ἀνασαιρτώντων
1077 1279 1134 1348 ούν
1147 1308 1174 1348 ιο

118 1392 179 1444 τῶν
204 1375 357 1444 Ἰουδαίων
389 1381 440 1444 καὶ
467 1383 731 1464 μεγαλαυχοόντων
756 1383 830 1444 κατὰ
857 1382 1052 1466 Σιλβέστρου,
1083 1383 1134 1445 παλ

118 1490 178 1542 τῶν
203 1490 377 1562 χριστιανῶν
399 1479 594 1560 λυπουμένων
617 1482 745 1564 σφόδρα,
767 1486 933 1563 παρακαλεῖ
945 1481 997 1543 τδν
1014 1480 1134 1564 βασιλέα

119 1579 300 1659 Σίλβεστρος
322 1583 455 1640 κελεῦσαι
477 1585 516 1664 τῷ
535 1584 595 1665 λαῷ
614 1577 769 1661 ἡσυχάσαι.
814 1578 865 1641 καλ
885 1580 992 1642 τούτου
1014 1578 1134 1662 γενομέ-

118 1699 192 1756 νου,
220 1675 270 1737 ναλ
296 1670 346 1755 ἐφ’
371 1675 493 1756 ύψηλοῦ
520 1677 612 1739 τόπου
640 1675 820 1759 Σιλβέστρου
850 1676 1044 1759 ἀνελθόντος,
1071 1671 1134 1739 εἶπε
1148 1701 1187 1741 τοι
1201 1701 1233 1741 M.

118 1781 209 1858 φωνῇ
237 1774 360 1858 μεγάλη·
388 1772 531 1836 ἀκούσατέ
559 1797 631 1856 μου,
662 1777 694 1838 οἱ
714 1776 881 1858 μεγιστάνες
903 1775 953 1837 καλ
975 1775 1082 1850 πάντες
1104 1776 1137 1837 οἱ
1148 1798 1174 1839 ιο

118 1880 177 1932 νῦν
201 1871 409 1950 θαυμάσαντες
431 1872 591 1954 χριστιανολ
613 1873 665 1934 τὸν
688 1874 823 1935 θάνατον
844 1883 898 1935 τοῦ
920 1873 1039 1955 ταύρου.
1077 1871 1133 1955 ἐγὼ

118 1970 170 2031 τὸν
185 1969 332 2048 δεσπότην
345 1970 484 2051 Χριστόν,
499 1965 534 2030 δν
548 1969 620 2050 ὑμῖν
633 1970 878 2053 εὐηγγελισάμην,
892 1971 988 2053 ἔγνων
1001 1971 1133 2049 τυφλούς

118 2065 288 2147 ἀναβλέψαι
314 2067 492 2148 ποιήσαντα,
524 2068 647 2147 κωφούς
674 2067 814 2149 ἀκοῦσαι,
846 2067 973 2142 ν’λάλους
1000 2072 1134 2148 λαλῆσαι,

118 2162 244 2245 νεκρούς
267 2163 374 2247 ἐγεῖραι
396 2165 445 2227 έπλ
467 2171 505 2250 τῷ
526 2163 648 2244 ὀνόματι
671 2167 772 2228 αύτοῦ.
807 2165 972 2228 κάντεῦθεν
995 2156 1051 2226 ούν
1074 2188 1134 2243 φα-

118 2262 206 2344 νερόν
229 2261 288 2328 ἐστι
315 2273 421 2344 πᾶσιν,
448 2261 489 2336 όος
515 2264 658 2344 διαβόλου
680 2263 759 2326 ἐστὶν
782 2263 876 2344 ύνομα
899 2263 932 2324 τδ
953 2269 1133 2324 θανατῶσαν
1147 2288 1174 2327 ιο

118 2362 171 2424 τὸν
194 2363 281 2443 βοῦν,
305 2361 394 2443 όνπερ
417 2359 580 2441 ἀναστῆσαι
598 2361 634 2423 ού
653 2362 785 2425 δύναται,
826 2360 980 2423 καὶτοῦτο
1003 2359 1134 2434 ἀκούσας

118 2457 244 2540 Ζαμβρύγ
277 2458 327 2520 ιιαλ
358 2458 394 2519 τὰ
421 2459 521 2538 ἱμάτια
548 2458 709 2541 διαρρήξας
734 2459 794 2539 ἔφη
821 2458 896 2542 πρὸς
921 2458 974 2520 τὸν
1001 2457 1133 2538 βασιλέα·

119 2557 187 2639 ἐγώ,
211 2556 347 2638 δέσποτα,
371 2556 419 2619 ἐπὶ
441 2564 481 2641 τῷ
506 2555 628 2637 ὀνόματι
649 2566 703 2619 τοῦ
725 2559 962 2639 παντοκράτορος
984 2563 1059 2619 θεοῦ
1082 2555 1134 2618 τδν

193 2718 207 2766 1
223 2711 309 2781 μέγας
322 2709 398 2766 πάνυ
408 2710 484 2764 ΔΒΡ
502 2711 579 2766 πάνυ
593 2728 644 2766 om.
659 2711 764 2765 το11.-
779 2711 884 2782 ζαμβρη
899 2709 1008 2765 OGNP
1024 2717 1050 2765 et
1062 2727 1132 2764 rece.

120 2784 237 2852 quidam
252 2782 382 2855 (ζαμβρὴς
398 2781 470 2844 rell.)
493 2784 598 2855 ζαμβρή
616 2781 694 2836 ELV
717 2783 854 2854 ζαμβρλΑ
879 2786 911 2848 ζα
951 2781 1042 2850 WB
1067 2784 1133 2850 ζαμ-

120 2856 182 2927 βρλς
194 2854 224 2908 F.
240 2887 273 2895 -
289 2860 304 2908 5
318 2853 458 2921 λατρεύων
472 2855 497 2906 Α
515 2853 652 2909 πιστεύων
667 2853 699 2907 R.
715 2885 748 2894 —
765 2853 803 2924 μή
817 2855 859 2925 γε]
873 2853 911 2922 μή
947 2853 972 2906 R
990 2853 1038 2906 καλ
1052 2851 1090 2921 μή
1098 2851 1132 2908 V.

120 2958 153 2966 -
180 2930 196 2978 6
215 2923 406 2996 συνδράμουσι
429 2943 462 2978 m.
475 2925 526 2979 ΖΡ
549 2927 759 2996 προσδραμοῦσι
776 2923 803 2979 V
824 2923 1023 2993 προσδράμωσι
1040 2923 1071 2978 Β.
1097 2955 1133 2964 -

122 3003 136 3050 7
151 2997 200 3051 τὸν
213 2997 320 3121 ζαμΙβρὴ
334 3014 384 3052 om.
396 2994 423 3050 G.
435 3027 468 3036 —
487 2995 593 3079 Ιζαμβρὴ
603 2995 656 3050 NP
676 2998 782 3068 ζαμβρῆ
795 2995 872 3049 ELV
886 3002 911 3050 et
923 3011 993 3049 rece.
1004 2993 1133 3064 plerique

121 3070 246 3193 θύοι
266 3065 1134 3230 ..555022253343{1⁹35}22...⁹.25332.¹‘12⁶‘.m1÷2.52

120 3211 168 3264 καλ
187 3217 250 3266 ante
269 3210 304 3280 ἐφ
332 3211 434 3265 delevit.
455 3241 488 3250 -
512 3214 544 3264 17
566 3209 635 3280 ἔγνω
688 3209 718 3263 Ρ,
738 3241 774 3249 -
797 3213 831 3262 20
849 3209 880 3264 τδ
898 3212 1066 3264 θανατῶσαι
1083 3208 1131 3262 AB

119 3289 169 3335 τοῦ
183 3285 348 3336 θανατῶσαι
363 3281 395 3335 R.
411 3312 444 3321 -
463 3285 495 3334 21
512 3277 579 3350 ὅπερ
593 3279 648 3335 AF.
664 3313 699 3321 —
718 3285 751 3333 22
767 3278 781 3334 ό
796 3283 817 3345 ζ.
833 3279 912 3334 οοδδ,
924 3285 1034 3349 praeter
1047 3279 1130 3333 ABP.

121 3384 155 3392 -
177 3352 282 3425 ξανθοῦ
301 3352 359 3407 NR
385 3351 512 3423 ἔνθοὴΡ
540 3353 646 3423 ξανθοῦ
671 3350 773 3406 OELV
796 3352 895 3423 ξανθοὶ
913 3351 938 3403 A
963 3353 1087 3422 λανθοῆι
1108 3351 1131 3404 Β

120 3423 240 3495 ἔννθοῦι
259 3424 283 3478 G
305 3424 419 3496 θννθοθτ
436 3423 465 3477 1⁴¹·

191 3572 205 3621 1
225 3565 359 3638 ὑπάρχων
377 3583 428 3622 om.
443 3565 473 3619 P.
492 3597 528 3606 —-
546 3572 562 3618 2
581 3569 620 3639 τῷ
633 3567 701 3637 σιλβ.
721 3573 775 3619 νῦν
794 3565 847 3634 ἔφη
866 3564 902 3618 τὰ
919 3561 1029 3635 βήματα
1047 3563 1076 3616 P.
1096 3595 1130 3603 —

122 3633 256 3708 θπίστει]
274 3635 412 3712 θρησκείᾳ
430 3637 459 3691 P.
485 3669 518 3677 -
545 3641 578 3691 19
597 3638 755 3692 κάντεῦθεν
773 3638 865 3691 δοῦλον
888 3636 925 3697 ὡς
948 3633 1082 3706 διαβόλου
1100 3632 1130 3686 P.

917 3723 972 3777 32*
