2617 3909
533 218 722 271 xpomon
1072 218 1137 283 607

108 364 242 447 στρατὸν
266 364 402 427 ἔνοπλον.
439 374 493 427 τοῦ
513 364 546 429 δὲ
564 365 808 449 παραταξαμένου
830 366 873 439 εἰς
889 368 1029 447 πόλεμον,
1052 367 1142 446 δηλοῖ

109 464 194 548 αὐτῷ
215 460 232 524 6
258 463 411 545 φύλαρχος
434 462 538 546 λέγων·
562 464 590 525 εἰ
611 464 684 545 ἔχεις
706 462 758 525 ἕνα
782 464 912 527 δυνατὸν
933 464 966 528 ἐκ
988 474 1041 526 τοῦ
1062 469 1138 526 λαοῦ

110 578 169 623 σου
194 560 371 640 δυνάμενον
394 570 599 641 μονομαχῆσαι
621 560 673 623 καὶ
689 572 810 642 νικήσαι
828 560 950 643 Πέρσην
971 560 1025 623 ἕνα
1047 584 1138 641 μονο-

110 659 210 739 μάχον
234 656 354 732 εὐθέως
380 668 457 721 ποιῶ
480 658 516 720 τὰ
537 659 634 721 πάντα
655 668 709 739 τῆς
730 660 852 741 εἰρήνης
876 658 925 721 ἐπὶ
947 659 1072 741 χρόνους
1094 656 1137 740 ν’,

111 755 140 816 εἰ
167 753 202 817 δὲ
236 753 384 835 ἡττηθείη
416 756 577 837 λαμβάνειν
609 780 644 837 με
671 757 849 839 κεντηνάρια
875 754 915 819 ν’.
961 757 1012 819 καὶ
1042 758 1137 831 οὕτως
1163 779 1177 821 τ

112 851 128 915 6
152 852 211 933 μὲν
231 852 357 936 Πέρσην
378 854 596 935 κατάφρακτον,
618 852 635 915 6
659 852 692 917 δέ
714 855 834 918 Γότθον
856 854 971 935 κόμητα
992 854 1137 929 ἐνόπλους

111 951 226 1029 μεταξύ
249 961 305 1013 τοῦ
323 952 462 1031 πλήθους
484 951 722 1034 παραστήσαντες
744 952 788 1025 εἰς
805 955 1000 1034 μονομαχίαν,
1021 962 1138 1035 πρῶτος

111 1046 129 1109 6
157 1048 286 1131 Πέρσης
318 1048 435 1131 ὥρμησε
462 1048 640 1132 δορυφόρος.
686 1048 703 1111 6
731 1048 763 1111 δέ
791 1048 907 1123 Γότθος
939 1051 1036 1124 δεξιόν
1062 1056 1137 1111 πλα·

112 1146 222 1226 γιάσας
246 1145 402 1209 ἐσόκευσεν
425 1146 517 1210 αύτδν
539 1147 669 1210 κατὰτὸ
691 1146 841 1208 Γοτθικόν
865 1147 938 1220 ἔθος
958 1146 1009 1208 καλ
1030 1157 1137 1209 τοῦτον

109 1241 145 1304 ἐκ
163 1254 220 1307 τοῦ
240 1244 336 1306 ἵππου
358 1243 532 1326 καταγαγὼν
555 1244 662 1307 αὐτίκα
683 1244 819 1322 ἔσφαξεν.
859 1243 910 1305 καλ
927 1244 1035 1305 τούτου
1053 1268 1136 1326 γεχο-
1150 1267 1178 1308 ιο

111 1340 201 1416 νότος
231 1342 371 1421 ἐποίησεν
399 1341 415 1405 6
443 1347 570 1424 Περσῶν
601 1343 752 1422 φύλαρχος
783 1340 906 1424 εἰρήνης
934 1341 1032 1402 πάντα
1061 1340 1137 1402 κατὰ

112 1437 170 1517 τήν
193 1438 357 1521 ὑπόσχεσιν
379 1438 480 1502 αὐτοῦ.

185 1542 251 1599 Τοῦ
280 1535 422 1617 βασιλέως
452 1548 620 1619 κυνηχήσαι
651 1537 838 1618 ἐξελθόντος,
870 1536 941 1611 τοὺς
971 1535 1029 1598 σύν
1059 1536 1139 1621 αύτῷ

111 1632 232 1709 πάντας
255 1632 410 1695 διαλαθὼν
432 1626 509 1713 ήλθε
528 1632 578 1695 διὰ
596 1644 712 1716 μακρᾶς
733 1634 807 1699 ὁδοῦ
828 1636 904 1717 πρός
921 1658 988 1722 τινα
1005 1634 1136 1716 μοναχὸν

111 1728 146 1791 έν
169 1732 277 1815 κελλίιμ
304 1732 505 1811 καθεζόμενον
532 1732 658 1811 πλησίον
684 1743 744 1795 τῶν
770 1734 952 1815 προαστείων
975 1736 1136 1795 Κωνσταν·
1149 1754 1177 1796 ιτ

113 1828 329 1901 τινουπόλεως·
359 1824 395 1891 ὃν
418 1825 435 1889 6
457 1827 552 1911 γέρων
577 1828 691 1912 ἐπέγνω
717 1830 787 1911 μέν,
814 1831 931 1904 ἐδέξατο
958 1828 991 1892 δὲ
1016 1828 1056 1904 ὡς
1082 1827 1136 1892 ἕνα

112 1934 175 1987 τῶν
203 1936 396 2006 στρατιωτῶν.
441 1936 495 1989 τοῦ
523 1924 555 1989 δέ
582 1926 724 2007 βασιλέως
756 1928 788 1991 ἐκ
817 1938 870 2009 τής
896 1926 970 1991 δδοῦ
1001 1926 1052 1988 παλ
1081 1935 1137 1989 τοῦ

114 2024 275 2097 καύσωνος
293 2021 538 2107 ὀλιγωρήσαντος,
554 2024 671 2107 ἔβρεξεν
688 2024 796 2107 άρτοος
814 2024 831 2088 6
849 2023 953 2106 γέρων,
971 2022 1022 2085 καλ
1035 2021 1136 2104 βαλὼν

114 2118 185 2195 όξος
213 2120 263 2183 καλ
289 2120 403 2201 ἔλαιον,
430 2122 541 2202 ἔφαγεν
563 2120 580 2183 6
603 2122 742 2201 βασιλεὺς
768 2121 818 2182 καλ
845 2122 927 2183 ἔπιεν
948 2120 1038 2200 ὕδωρ.
1083 2120 1138 2180 καί

115 2237 214 2298 φησιν
242 2217 258 2281 6
286 2218 434 2298 βασιλεύς·
468 2213 566 2298 οἶδας,
592 2220 637 2292 τίς
664 2218 738 2298 εἰμι,
765 2218 869 2300 πάτερ;
902 2216 919 2280 6
947 2215 979 2278 δέ
1007 2215 1177 2296 μοναχὸςεο

115 2308 213 2378 εἶπεν·
237 2314 253 2378 6
276 2314 349 2389 θεὸς
371 2310 434 2377 οέδέ
457 2333 496 2377 σε.
537 2313 587 2376 καλ
610 2312 627 2376 6
647 2314 784 2396 βασιλεὺς
806 2314 878 2393 ἔφη·
902 2314 958 2396 ἐμά
980 2314 1040 2393 εἰμι
1061 2315 1134 2375 Θεοε

117 2411 220 2487 δόσιος
247 2410 263 2473 6
286 2412 432 2493 βασιλεύς.
473 2410 523 2473 καὶ
549 2410 678 2485 ἀναστὰς
704 2410 799 2484 εὐθὺς
826 2409 842 2472 6
869 2411 964 2494 γέρων
989 2411 1134 2492 προσεκό-

116 2529 210 2589 νησεν
233 2510 333 2572 αὐτόν.
378 2504 460 2572 εἶπεν
483 2501 538 2571 οὖν
562 2506 578 2570 6
600 2509 751 2591 βασιλεύς·
780 2510 919 2591 μακάριοι
941 2507 992 2571 καλ
1013 2526 1134 2591 τρισμα-

141 2769 147 2783 ·
191 2704 207 2752 ὅ
226 2698 345 2769 ήττηθελ
355 2698 378 2752 Ρ
396 2696 506 2767 ήττηθή
525 2696 555 2751 Β,
573 2728 608 2739 -·
626 2701 643 2751 9
663 2696 814 2787 ἐσάκουσεν
827 2696 903 2750 Am·
922 2694 1084 2787 ἐσσόκεοσμν
1101 2702 1134 2750 ut

117 2769 223 2910 ἀλλ
244 2800 295 2895 ῑ..
307 2767 641 2911 ’λλλέἐλο-..λί
659 2787 710 2893 ἐἶ’
720 2767 766 2881 3³
782 2767 923 2902 λαλεῖ
937 2768 996 2893 λλ.
1006 2763 1135 2891 ‘16⁰⁴'

192 3022 206 3070 1
227 3015 258 3081 ὃς
275 3015 518 3087 παραταξάμενος,
542 3015 680 3084 ἐδήλωσεν
703 3016 718 3071 ὁ
737 3015 881 3088 φύλαρχος
903 3014 979 3084 αύτῷ
997 3010 1084 3084 λέγων
1102 3012 1133 3066 Ρ.

119 3118 154 3128 -
172 3093 190 3141 4
209 3088 255 3143 ἐπλ
273 3084 404 3160 χρόνους]
423 3087 505 3157 ἔτηΡ
524 3088 581 3157 (ἐπὶ
595 3087 642 3156 ἐτη
656 3086 743 3157 Μελ).
759 3117 793 3126 -
810 3091 826 3138 θ
844 3084 1039 3152 κατάπληκτον
1054 3082 1082 3136 Ρ.
1097 3115 1132 3124 -

119 3155 233 3226 χόθθον
256 3166 282 3215 et
302 3161 343 3213 sic
360 3159 485 3228 deinceps
502 3157 532 3211 P.
552 3189 586 3198 —
606 3163 621 3211 ’λ
640 3166 751 3226 πρῶτος
768 3156 819 3225 μὲν
837 3154 853 3209 6
871 3155 901 3208 P.
921 3185 956 3195 -—
974 3160 991 3208 8
1008 3152 1133 3223 δορυφό-

119 3248 174 3296 οας
187 3229 217 3285 P.
232 3260 267 3271 --
287 3235 390 3283 10-11
410 3226 512 3283 αὐτίκα
530 3230 579 3283 καλ
598 3228 709 3297 σφάξας
727 3224 858 3297 ἐποίησεν
874 3226 904 3280 Ρ.
929 3254 963 3266 -
987 3231 1021 3279 12
1045 3228 1132 3281 αὐτοῦ

117 3314 169 3355 om.
188 3300 218 3355 P.
242 3330 277 3341 -
301 3305 406 3355 13-14
429 3300 478 3353 καλ
496 3298 512 3354 6
531 3300 660 3371 βασιλεὺς
677 3299 798 3363 ἐξιλθὼν
815 3318 833 3350 κ
925 3314 972 3351 σαι
994 3298 1043 3351 καὶ
1067 3299 1134 3359 τούς

119 3386 142 3423 σ.
161 3372 222 3427 αὐτ.
246 3371 394 3426 διαλαθὼν
417 3369 447 3423 Ρ.
472 3400 507 3411 —-
536 3376 568 3424 17
592 3370 641 3424 καλ
663 3377 714 3424 τοῦ
737 3366 870 3440 βασιλέως
915 3409 921 3423 .
945 3374 980 3409 -’-·
1006 3373 1040 3423 18
1062 3370 1133 3422 καό·

118 3458 205 3509 ματος
222 3441 252 3497 Ρ.
271 3471 306 3483 ·-
329 3446 364 3495 20
387 3440 403 3496 6
422 3440 550 3513 βασιλεύς
567 3458 618 3496 om.
637 3440 668 3494 P.
687 3470 721 3481 -
744 3439 868 3511 μοναχὸς
884 3456 935 3495 οτι.
954 3438 984 3494 Ρ.
1003 3469 1039 3481 -
1062 3444 1132 3493 22-

120 3515 154 3564 26
173 3512 188 3567 6
207 3511 297 3583 γέρων
319 3512 369 3567 παλ
385 3511 583 3581 προσκυνήσας
599 3511 649 3566 καλ
671 3510 859 3581 ἐπευξάμενος
875 3511 952 3584 αύτῷ
970 3509 986 3565 6
1005 3510 1134 3582 βασιλεὺς

119 3582 207 3638 αθτδν
229 3583 427 3652 ἀντησπάσατο
447 3584 569 3653 (διντεοπ,
590 3582 664 3651 eod.)
686 3582 806 3652 γνησίως
826 3581 924 3654 λέγων·
948 3581 1084 3651 μακάριοι
1100 3578 1131 3633 Ρ.

174 3679 317 3731 Georgius
330 3682 490 3721 Monachus
504 3682 539 3723 ed.
549 3681 578 3721 do
592 3682 660 3723 Boot.
673 3682 705 3722 11.
937 3675 972 3723 39
