2617 3909
489 190 496 194 ’
552 229 741 279 ΧΡοσΠεοΝ
1084 189 1150 294 009

135 386 205 457 ρεᾶς
234 375 306 448 τούς
332 373 425 457 ίερέας
452 374 579 448 άξιοόσας
605 373 746 460 ἕκαστον,
759 375 949 457 παρηγγύησε
975 378 1150 458 καταλαβεῖν

136 473 193 554 τήν
217 473 297 534 ίδίαν
319 475 460 553 ποίμνην.
1110 549 1111 552 ¹

198 565 242 632 Ἦ
264 569 296 632 δὲ
323 571 425 653 πρώτη
452 571 579 644 σύνοδος
606 569 726 652 γέγονεν
748 571 781 633 έν
804 574 918 656 Νικαίφ
940 573 1148 636 συνελθόντων
1162 595 1246 636 σου.

134 666 197 748 τιη’
225 667 317 750 ἁγίων
348 667 481 750 πατέρων
513 667 568 730 έτει
599 678 651 748 τῆς
678 671 907 732 Κωνσταντίνου
938 680 991 732 τοῦ
1021 670 1149 752 μεγάλου
1162 693 1247 734 4141.

134 767 284 847 βασιλείας
307 763 346 826 κ’.
391 767 499 846 ταύτης
521 763 650 848 ἡγοῦντο
668 765 849 850 Σιλβέστρου
871 776 925 829 τοῦ
946 777 1000 848 τῆς
1021 770 1148 849 πρεσβν-
1176 790 1188 831 τ

133 863 219 946 τέρας
235 859 348 944 Ῥάμης
371 863 566 946 τοποτηρηταλ
583 865 681 927 Βίτων
703 863 753 926 καλ
770 868 930 928 Βικεντίων
948 867 1148 948 πρεσβύτεροι,

134 954 349 1045 Μητροφάνης
357 973 410 1025 τοῦ
418 956 1021 1045 Βυζαντίου,ἈλέξανδροςἊλεξανδρείας,
1030 963 1147 1026 Εὐστά-

133 1067 205 1134 θιος
224 1055 409 1143 Ἀντιοχείας,
428 1061 589 1142 Μακάριος
604 1055 813 1143 Ἱεροσολύμων
835 1061 910 1122 κατὰ
924 1056 1038 1143 Ἀρείου
1060 1081 1147 1142 πρεσ-

134 1158 261 1241 βυτέρου
279 1160 433 1241 γεγονότος
444 1153 680 1240 Ἀλεξανδρείας,
698 1160 947 1240 βλασφημοῦντος
961 1157 993 1220 δέ
1006 1160 1058 1223 τὸν
1071 1160 1147 1222 θεόν

133 1256 222 1338 λόγον
245 1258 350 1336 κτίσμα
372 1255 421 1318 καὶ
444 1255 627 1338 έτεροούσιον
650 1265 703 1318 τοῦ
725 1255 849 1337 πατρός,
875 1255 925 1316 καλ
948 1257 992 1318 ότι
1014 1249 1054 1336 ήν
1076 1279 1145 1319 ποτε
1161 1282 1187 1321 ιο

136 1354 183 1414 ὅτε
207 1353 262 1415 ούκ
285 1346 324 1434 ήν
343 1354 523 1428 δοξάζοντος.
560 1351 596 1416 όν
613 1360 783 1416 καθελοῦσα
800 1353 992 1433 άνεθεμάτισε
1011 1354 1067 1415 σύν
1084 1361 1147 1428 τοῖς

133 1448 300 1533 όμόφροσιν
326 1453 433 1532 αὐτοῦ,
460 1453 512 1514 τόν
540 1451 572 1514 δέ
600 1449 857 1531 υίὸνόμοούσιον
883 1451 933 1513 καλ
960 1453 1146 1533 συνάναρχον

134 1555 174 1634 τῷ
194 1549 281 1632 πατρὶ
303 1549 353 1612 καὶ
372 1551 446 1613 θεὸν
464 1549 612 1630 ἀληθινὸν
632 1549 682 1612 καλ
700 1551 819 1629 κτίστην
837 1550 957 1611 πάντων
975 1547 1146 1631 όρθοδόξως

132 1646 303 1728 ἐδογμάτισε
325 1648 399 1710 κατὰ
421 1647 474 1710 τὸν
491 1649 652 1731 προφήτην
669 1649 722 1711 τὸν
739 1646 872 1729 λέγοντα·
895 1647 928 1710 ἐκ
946 1647 1070 1730 γαστρὸς
1087 1649 1144 1730 πρὸ

132 1743 289 1827 ἑωσφόρον
321 1745 464 1828 έγέννησά
493 1763 533 1808 σε.
583 1746 713 1808 ἕτύπωσε
740 1744 773 1807 δέ
799 1744 850 1807 καλ
876 1745 909 1808 τὸ
936 1746 1023 1828 ἅγιον
1048 1746 1145 1827 πάσχα
1159 1769 1185 1809 ιε

131 1841 277 1925 ἑορτάζειν
299 1840 378 1923 ἡμᾶς
404 1842 478 1904 κατὰ
500 1842 555 1922 τήν
582 1853 749 1926 κρατοῦσαν
772 1844 945 1923 συνήθειαν.
990 1841 1067 1916 τινές
1089 1843 1145 1925 γδιρ

130 1949 191 2002 τῶν
213 1941 318 2022 πρώην
345 1940 418 2002 κατὰ
440 1941 495 2020 τήν
518 1942 829 2023 τεσσαρεσκαιδεκάτην
852 1951 904 2020 τῆς
926 1942 1052 2020 σελήνης
1074 1941 1145 2023 ἓάρ·
1186 1977 1189 1982 -

131 2041 226 2112 ταζον.

198 2135 286 2199 Μετδι
318 2135 350 2198 δέ
381 2160 447 2198 τινα
479 2137 586 2219 χρόνον
617 2135 820 2218 παρακληθείς
846 2135 906 2198 ύπδ
934 2146 987 2216 τῆς
1012 2135 1145 2217 ἀδελφῆς

129 2233 223 2296 αὐτοῦ
250 2237 459 2308 Κωνσταντίας
486 2233 576 2314 ἀνῆκε
603 2233 655 2296 τὸν
676 2230 792 2316 ’Ἀρειον
819 2233 852 2296 ἐκ
878 2243 931 2313 τῆς
962 2233 1077 2315 έξορίας
1103 2232 1144 2308 ὡς
1157 2257 1184 2296 ευ

130 2334 228 2412 δῆθεν
255 2333 483 2412 μετανοήσαντα.
530 2325 566 2394 ού
594 2330 836 2413 παραγενομένου
867 2330 917 2393 καλ
944 2329 1144 2413 ἐρωτηθέντος

128 2430 189 2492 ὑπὸ
213 2439 265 2490 τοῦ
288 2427 439 2511 βασιλέως,
462 2430 491 2492 ει’
512 2436 623 2512 στοιχεῖ
639 2435 702 2503 τοῖς
724 2429 806 2512 ὅροις
827 2429 878 2491 καλ
895 2439 931 2514 τῇ
953 2429 1069 2492 έκθέσει
1090 2439 1144 2510 τῆς

129 2527 162 2590 ἐν
194 2529 307 2611 Νικαίγ
339 2528 485 2608 συνόδου,
517 2527 654 2608 παρευθῦ
690 2526 830 2589 κατέθετο
862 2529 1009 2590 πιστεύειν
1040 2528 1142 2602 οὕτως.

129 2623 145 2686 ό
169 2622 202 2686 δὲ
225 2626 384 2705 θαυμάσας
407 2626 497 2707 ὅρκον
519 2625 693 2708 ἐπήνεγκεν,
722 2625 773 2687 καλ
795 2624 943 2708 δ”Αρειος
964 2635 1070 2688 τοῦτον
1092 2644 1142 2687 σο-

203 2794 235 2842 14
253 2788 355 2843 Psalm.
373 2793 423 2843 109
438 2791 520 2859 (110),
534 2795 559 2843 4.
574 2821 609 2830 -
629 2793 732 2844 19-21
752 2787 857 2842 Theod.
872 2788 966 2843 Lech?
985 2790 1020 2856 cf.
1035 2787 1140 2842 Soomt.

129 2860 163 2914 H.
185 2859 251 2915 eccl.
266 2859 287 2928 Ι,
302 2865 344 2914 25.
364 2890 398 2900 -—
418 2866 522 2930 21-1).
538 2864 599 2929 610,
614 2866 630 2916 ό
648 2862 684 2928 cf.
699 2860 735 2914 ιθ.
749 2860 771 2928 Ι,
785 2865 827 2914 38.

202 2991 216 3038 1
236 2985 409 3056 παρεγγύησε
422 2983 529 3038 AOFN.
546 3016 579 3025 -
599 2990 615 3037 3
635 2985 755 3048 σύνοδος
768 2982 813 3037 Α’.
840 2984 897 3039 ἀπὸ
915 2989 985 3052 γοῦν
1001 2989 1051 3051 τῆς
1067 3001 1139 3051 παρ-

128 3053 227 3118 ουσίας
243 3065 355 3126 χριστοῦ
379 3054 430 3117 ἕως
451 3062 500 3124 τῆς
519 3055 548 3109 α’
567 3053 692 3110 συνόδου
710 3052 837 3125 γίνονται
855 3054 901 3124 έτη
919 3052 976 3122 τιη’
990 3053 1092 3106 ABFR
1109 3054 1141 3107 in

127 3133 212 3183 ταντα.
245 3127 353 3182 Eadem
374 3129 430 3194 fere
452 3127 509 3182 τελλ.
529 3127 605 3182 codd.
624 3129 656 3180 ιἰσ
679 3144 730 3197 ως.
756 3157 790 3166 -
816 3125 935 3188 σύνοδος
956 3141 1007 3179 om.
1026 3124 1081 3178 AB.
1105 3156 1141 3164 —

128 3205 145 3253 4
164 3207 220 3254 τῶν
233 3198 290 3268 τιη’
305 3197 367 3253 ΑΜ.
384 3230 417 3239 -
432 3195 520 3268 ἁγίων
534 3216 584 3253 om.
599 3198 658 3253 RV.
674 3230 707 3238 -
728 3203 760 3252 17
774 3193 1075 3266 τεσσαρεσκαιδεκάτην
1089 3195 1140 3248 BF

129 3269 170 3324 ιδ’
194 3268 280 3324 ERV.
305 3301 339 3309 —
364 3267 494 3337 ἑόρταζον
521 3268 630 3323 BOLR.
657 3302 690 3309 -
720 3274 752 3322 19
780 3268 974 3336 παρακληθεὶς
1000 3282 1140 3322 κωνσταν-

127 3351 205 3405 τίνος
222 3341 254 3396 Βι.
274 3373 309 3381 -
328 3345 362 3395 20
381 3337 569 3404 κωνσταντίας
587 3349 791 3403 κωνσταντῑνος
810 3337 824 3393 δ
844 3338 972 3411 βασιλεὺς
988 3337 1023 3393 N.
1044 3371 1077 3378 —
1097 3338 1139 3409 ἐκ]

127 3414 184 3469 ἀπὸ
202 3411 278 3467 FNV
296 3429 345 3467 οια.
360 3411 390 3466 P.

200 3542 287 3590 3-18
306 3553 356 3592 om.
371 3536 401 3591 P.
422 3569 455 3576 -
475 3543 508 3592 21
529 3535 559 3600 ὃς
577 3533 806 3606 παραγενόμενος
823 3536 872 3590 καλ
891 3534 1042 3603 ἐρωτηθεὶς
1059 3533 1089 3586 Ρ.
1105 3564 1139 3572 -

128 3615 163 3663 24
182 3609 231 3664 καλ
249 3606 333 3677 ὅρκον
351 3607 458 3662 PSoer.
