2617 3909
204 221 268 286 732
515 225 702 277 1¹35szoe
719 226 904 278 ΜοαΑΧοο

202 365 239 433 ού
266 371 552 455 ἐπιστρατευσάντων
579 383 638 433 τῶν
665 377 855 454 Σαραιιηνῶν
887 373 961 434 κατά
988 383 1040 454 τῆς
1066 370 1228 458 Ἀφρικῆς,

201 471 253 533 τὸν
266 465 431 549 Ῥωμαϊκὸν
453 470 558 532 στόλον
579 466 644 531 κατ’
665 470 765 532 αὐτῶν
787 470 961 532 ἀπέστειλεν.
998 481 1059 533 τῶν
1083 471 1117 534 δὲ
1136 481 1226 536 πολε-

103 591 143 630 οτο
156 590 187 628 ιι.
203 569 361 647 μησάντων
378 567 429 629 καῖ
446 568 634 646 νικησάντων
652 567 763 640 αύτούς
783 568 857 630 κατὰ
875 569 991 649 κράτος,
1014 569 1228 652 ἀνηγόρευσαν

201 664 317 739 ἑαυτοῖς
338 664 460 747 βασιλέα
478 661 647 746 ’Λψίμαρόν
669 689 736 727 τινα
763 667 954 746 καλούμενον.
1000 664 1034 741 ὃς
1056 667 1108 729 καλ
1133 693 1225 730 κατα-

175 762 302 844 τλαβὼν
324 765 385 843 ἅμα
407 769 447 847 τῷ
465 763 587 826 συνόντι
613 764 694 848 αὐτῷ
718 769 777 848 λαῷ
800 787 830 826 τε
858 765 908 826 καῖ
933 765 1024 850 στόλῳ
1052 766 1109 845 τὴν
1134 768 1225 829 πόλιν

200 862 321 941 εἰσῆλθε
338 861 412 922 κατὰ
429 862 594 943 προδοσίαν
613 861 663 922 διά
681 871 734 941 τῆς
751 872 811 923 τῶν
828 866 1003 944 Βλαχερνῶυ
1021 863 1154 945 πόρτης,
1174 865 1224 926 παλ

199 960 253 1020 τὸν
274 959 420 1020 Λεόντιον
447 961 661 1042 χειρωσάμενος
692 958 742 1022 ιιαλ
771 961 970 1040 ῥινοτομήσας
998 961 1094 1024 αύτον
1121 963 1158 1024 ἐν
1187 973 1222 1047 τῇ

200 1066 278 1142 μονῇ
301 1066 354 1137 τῆς
376 1058 536 1136 Δαλμάτου
558 1059 739 1139 περιάρισεν.

485 1223 560 1309 [κη’.
593 1227 681 1308 Περὶ
706 1221 929 1310 Ἀψιμάρου]

159 1365 185 1404 ιο
266 1343 356 1405 Μετδι
374 1341 406 1405 δὲ
424 1342 571 1405 Λεόντιον
588 1342 775 1423 ἐβασίλευσεν
790 1336 956 1426 ’Λψίμαρος
975 1341 991 1405 δ
1010 1342 1061 1406 καὶ
1083 1345 1219 1429 Τιβέριος

198 1443 249 1522 ἔτη
267 1438 302 1517 ζ’.
344 1443 495 1522 διιόνυμος
516 1441 572 1524 γάρ
590 1434 631 1521 ἦν
653 1438 695 1514 δος
709 1435 815 1521 Ἰακὼβ
837 1437 1028 1523 καλἸσραήλ,
1052 1440 1095 1516 ὥς
1110 1437 1217 1525 Ἰοθδτρ

197 1540 249 1602 καλ
261 1536 415 1622 Ῥαγουήλ,
433 1538 474 1613 ὡς
489 1542 596 1619 Σίμων
612 1539 663 1600 καλ
679 1537 804 1620 Πέτρος,
821 1536 863 1611 ὥς
879 1540 988 1619 Θωμᾶς
1006 1539 1056 1601 καὶ
1070 1542 1218 1622 Δίδυμος,

100 1658 184 1699 ⁶211.
200 1637 240 1710 ῖος
266 1639 415 1710 Θαδδαῖος
436 1637 487 1699 καὶ
508 1640 669 1719 Λεββαῖος.
715 1645 768 1698 τοῦ
791 1634 824 1698 δὲ
843 1630 1057 1699 Ἰουστινιανοῦ
1085 1638 1120 1699 ἔτι
1142 1644 1216 1722 Χερ

98 1757 137 1797 οτι
151 1756 182 1796 τι.
198 1745 293 1809 σῶνος
311 1734 461 1817 φυγόντος
483 1735 533 1796 καλ
553 1734 628 1815 πρὸς
645 1734 697 1796 τὸν
715 1732 842 1816 άρχοντα
859 1737 1044 1816 Βουλγαρλας
1062 1735 1215 1817 ἐλθόντος,

158 1853 184 1895 ιι
198 1827 253 1912 ἀφ’
274 1826 312 1895 ού
329 1832 379 1894 καὶ
398 1832 470 1895 λαὸν
492 1831 615 1913 άπειρον
636 1831 794 1910 εἰληφότος
817 1831 867 1894 διὰ
889 1837 1006 1894 πολλῶν
1028 1832 1215 1915 ὑποσχέσεων

196 1931 247 1992 καῖ
265 1931 341 2014 πρὸς
357 1930 413 2009 τὴν
431 1932 518 1994 πόλιν
536 1929 687 2010 ἐλθόντος,
705 1930 826 2010 εἰσῆλθε
844 1930 900 1992 σδν
919 1928 1029 2012 όλάγοις
1048 1931 1215 2012 ὁμοφύλοις

197 2030 246 2091 διά
273 2038 326 2091 τοῦ
353 2028 471 2111 άγωγού
498 2027 572 2090 κατὰ
598 2029 771 2109 προδοσίαν.
817 2029 888 2109 ὅπη)
914 2027 1023 2107 μαθὼν
1046 2025 1213 2112 ’Λψίμαρος

196 2129 238 2202 εἰς
257 2123 479 2190 Ἀπολλωνιάδα
501 2128 612 2208 φεύγει.

317 2302 394 2387 [νβ’.
428 2305 517 2387 Περὶ
542 2301 802 2366 Ἰουστινιανού
829 2303 866 2366 τό
895 2301 1086 2386 δεύτερον]

63 2451 103 2491 ωε
110 2451 141 2491 ιι.
156 2451 183 2490 ιο
210 2411 213 2416 ’
264 2431 352 2492 Μετὰ
366 2429 398 2493 δὲ
409 2425 577 2511 Ἀψλμαρον
590 2429 758 2509 ἐβασίλευσε
772 2428 862 2489 πάλιν
872 2424 1083 2502 Ἰουστινιανδς
1098 2429 1116 2493 δ
1130 2431 1210 2513 ῥινο-

195 2527 417 2608 γλωσσότμητος
439 2527 489 2607 ἔτη
513 2525 548 2600 ζ’.
589 2524 623 2600 δς
644 2526 697 2588 τὸν
721 2525 774 2606 μὲν
792 2519 959 2606 ’Λψῖμαρον
981 2527 1137 2608 ιιατασγδτν
1159 2529 1209 2591 καὶ

268 2694 373 2742 11-13
387 2689 552 2745 Τλιοοδοτολ.
566 2688 695 2743 in·Num.
707 2687 819 2753 Quaest.
834 2693 876 2742 16.
896 2686 992 2756 Migne
1006 2687 1084 2742 Tom.
1095 2695 1140 2758 80,
1150 2697 1208 2746 368.

191 2764 355 2900 Ρ-διγὸ-ἳιε
373 2762 407 2827 cf.
423 2759 548 2830 Theoph.
560 2779 589 2831 p.
605 2766 666 2828 οτι,
681 2765 723 2814 το.
739 2792 772 2800 -
792 2765 897 2828 τι-ρ,
913 2764 974 2826 τοι,
985 2765 1018 2814 11
1033 2761 1069 2826 cf,
1084 2760 1209 2832 Theoph.

266 2961 335 3028 439
354 2965 559 3036 τιαταλαβὼνῦ
588 2964 619 3029 ὃς
641 2967 690 3021 καλ
713 2964 847 3036 λαβὼνΒ
873 2961 904 3025 ὃς
925 2965 1098 3036 παραλαβὼν
1117 2965 1150 3019 D.
1176 2998 1208 3007 —

196 3041 227 3089 11
244 3034 369 3104 λοδδορλῖ
383 3035 505 3105 λδθὼρΟ
519 3036 769 3108 mmmm
784 3034 932 3104 λοθδρΒΕ
946 3032 1069 3103 Moeso?
1082 3036 1208 3105 λάθορλ.

195 3106 287 3175 λωδὴρ
307 3106 334 3161 0.
355 3139 389 3148 -
409 3113 442 3162 13
460 3110 571 3179 λεβαῖος
585 3109 661 3163 ABV
674 3116 700 3164 ιτ
716 3124 787 3164 τοτα.
802 3106 937 3176 plerique.
957 3137 992 3146 -
1011 3111 1045 3159 18
1064 3107 1105 3171 εἰς
1122 3109 1208 3164 ἀπολ-

193 3174 299 3232 λωνίαν
321 3179 470 3249 διαφεύγει
492 3183 622 3249 σφοδρῶς
644 3179 669 3232 Ι)
698 3179 846 3248 διαφεύγει
869 3179 909 3240 ελς
931 3175 1111 3236 άπολλωνῖαν
1139 3197 1208 3250 σφο-

194 3249 268 3315 δρῶς
280 3249 317 3305 Μ.
332 3283 365 3290 -
385 3256 419 3304 20
433 3248 596 3321 δινότμητος
609 3252 667 3306 RV.
684 3283 717 3292 -
737 3257 769 3306 21
789 3251 839 3304 τὸν
858 3249 909 3318 μὲν
921 3247 998 3301 ABP
1016 3248 1066 3317 μὲν
1081 3267 1132 3307 ουτ.
1147 3251 1206 3306 rell.

267 3397 280 3442 1
302 3389 564 3458 ἐπιστρατεύσαντες
582 3391 610 3445 οῖ
628 3393 784 3461 σαρακηνολ
797 3392 826 3446 Ρ,
843 3424 876 3432 -
896 3396 966 3444 2-4
983 3391 1024 3444 sic
1041 3393 1073 3446 ιἰι
1086 3392 1121 3445 P:
1141 3392 1156 3446 δ
1175 3394 1205 3447 δὲ

193 3461 261 3523 λαδς
283 3460 351 3529 μετά
368 3460 400 3514 τδ
419 3465 573 3530 πολεμῆσαι
594 3463 643 3516 καλ
667 3470 779 3530 νικῆσαι
798 3463 950 3522 στασιάσας
970 3461 1138 3532 ἀναγορεύει
1156 3465 1206 3535 βα-

195 3530 271 3584 σιλέα
294 3531 482 3599 στρατηλάτην
505 3528 652 3600 άψλμαρόν
674 3552 737 3587 τινα
762 3537 820 3588 καλ.
846 3566 880 3576 -
908 3541 924 3588 6
948 3531 1024 3604 αὐτῷ
1046 3551 1097 3589 σοι.
1116 3533 1147 3588 Ρ.
1171 3567 1204 3576 -

196 3605 210 3650 7
230 3601 316 3654 αὐτὸν
335 3617 385 3655 om.
401 3601 431 3653 P.
451 3631 484 3640 —
506 3607 538 3654 15
557 3601 678 3671 εἰληφώς
694 3602 724 3656 Ρ.
744 3636 778 3644 -
798 3609 831 3657 16
851 3606 946 3662 ἐλθών.
960 3607 991 3664 Ρ.
