2617 3909
519 213 708 264 mmoN
1060 211 1123 276 729

107 359 256 439 λυπηθείς
277 359 426 442 ἐξώρμησε
448 356 512 421 κατ’
533 361 632 422 αύτών
655 360 726 439 μετὰ
748 361 885 439 πλείστης
907 361 1071 441 ναυμαχίας
1093 381 1123 420 τε

107 458 159 520 καὶ
180 459 366 538 πεζομαχίας,
388 457 439 518 κοιλ
462 457 516 519 διότ-
535 450 591 538 μὲύ
610 468 664 538 τῆς
686 457 812 540 ἠπείρου
835 469 887 520 τοῦ
908 467 1043 537 ποταμοῦ
1061 463 1124 518 Δα-

107 558 205 637 νούβη
227 556 263 617 τὰ
280 555 383 630 πεζικὰ
399 556 579 637 παρατάξας,
602 555 653 616 διὰ
672 554 704 617 δὲ
721 565 774 636 τῆς
792 557 1010 636 πλησιαζούσης
1032 554 1123 636 ἄττης

107 655 160 728 τὰς
183 664 259 729 ναῦς
285 655 503 736 προσορμίσας,
530 655 563 714 οί
581 654 748 736 Βούλχαροι
774 655 840 716 λίαν
868 653 1054 735 φοβηθέντες
1080 653 1123 726 είς

107 752 247 834 ὀχύρωμα
269 752 441 814 δυσάλωτον
463 751 588 825 ἑαυτούς
610 750 823 831 ἠσφαλίσαντο.
859 762 912 814 τοῦ
931 751 962 814 δὲ
980 749 1122 832 βασιλέως
1149 768 1162 812 ο

106 849 357 928 όξυπαθήσαντος
387 848 421 910 ἐν
452 850 599 933 ποδαλχίμ
629 849 680 911 καὶ
711 849 759 912 ἐπὶ
786 849 996 932 Μεσίμβρειαν
1023 849 1122 930 ἐκβια-

106 947 232 1022 σθέντας
247 946 433 1028 ὑποστρέφω
448 947 534 1028 χάριν
551 948 709 1027 βαλανείου
729 948 799 1026 μετὰ
817 949 980 1030 ὃρομώνων
997 945 1035 1028 ε’,
1053 971 1122 1009 κατ-

105 1045 186 1107 έλιπε
212 1046 265 1108 τὸν
291 1045 365 1108 λαόν
395 1043 445 1106 καὶ
474 1045 544 1118 τοὺς
570 1045 752 1127 στρατηγούς
782 1047 919 1120 κελεύσας
949 1044 1121 1127 παρακαθέ·

107 1147 211 1217 ζεσθαι
223 1143 274 1204 καί
287 1148 426 1222 πολεμεῖν
444 1143 476 1204 τὸ
490 1142 589 1216 ἔθνος.
622 1140 686 1205 ὅδὲ
704 1125 773 1217 λαὸς
791 1143 843 1206 τὸν
861 1142 981 1225 βασιλέα
999 1144 1121 1224 φεύγειν

105 1243 231 1321 νομίσας
253 1241 295 1314 είς
317 1241 431 1322 τροπὴν
453 1240 543 1302 ἔδωκε
566 1241 695 1320 μηδενὸς
717 1242 885 1314 διώκοντος.
927 1242 958 1302 οί
976 1239 1008 1302 δὲ
1026 1241 1120 1302 Βούλ-
1135 1263 1161 1302 ιο

105 1362 193 1422 γαροι
215 1339 395 1418 θεασόμενοι
421 1337 472 1400 καί
499 1348 552 1400 τοῦ
575 1336 764 1420 ὀχυρώματος
790 1339 1000 1413 ὑπεξελθόντες
1024 1339 1120 1400 ἕπεόί·

106 1438 187 1510 ωξαν
211 1435 305 1498 όπίσω
332 1436 442 1515 αὐτῶν,
469 1435 520 1498 καί
541 1437 670 1511 πολλούς
693 1435 845 1510 ἀνελόντες
871 1436 920 1498 καὶ
943 1442 1120 1518 λαφυραγω-

104 1535 249 1617 γήσαντες
280 1531 329 1616 [τὰ
356 1530 470 1616 αὐτῶν]
497 1535 662 1616 ἐκρότησαν
688 1534 784 1598 ἔκτοτε
815 1534 865 1596 καί
892 1535 1121 1615 κατεκυρίευσαν

105 1633 162 1712 τὴν
189 1642 248 1693 τών
271 1642 445 1713 χριστιανών
472 1633 578 1714 χώραν.
624 1633 698 1694 ὅθεν
721 1631 921 1714 ἀναγκασθεὶς
943 1631 959 1695 ό
982 1632 1119 1713 βασιλεὺς

104 1731 256 1812 είρηνευσε
279 1723 341 1809 μετ’
362 1729 461 1791 αὐτῶν
478 1731 575 1791 πώκτα
593 1731 666 1803 δούς
684 1725 730 1791 ἐπ’
751 1730 877 1814 αἰσχύνη
896 1741 955 1792 τῶν
968 1725 1119 1809 Ῥωμαίων
1133 1751 1159 1792 τε

104 1827 147 1901 ώς
168 1827 361 1908 ληἰζομένους
383 1837 482 1889 πᾶσαν
504 1828 559 1906 την
580 1826 702 1912 Θρηίκην
725 1827 774 1889 καὶ
797 1828 832 1889 τὰ
849 1827 984 1890 ἐπέκεινα
1001 1828 1118 1907 ταύτης.

363 2003 436 2086 [σις’.
469 2005 557 2087 Περὶ
577 2000 860 2087 Ἰουστινιανοῦ]

171 2131 260 2191 Μετὰ
287 2129 320 2190 δὲ
346 2133 576 2192 Κωνσταντῖνον
605 2130 792 2210 ἐβασίλευσεν
816 2124 1024 2202 Ἰουστινιανὸς
1053 2129 1119 2201 υίὸς
1132 2153 1171 2193 σιτ
1186 2152 1219 2192 τε,

104 2229 199 2290 αύτού
217 2228 266 2307 ἔτη
286 2225 321 2288 ι’.
357 2221 395 2288 ού
409 2226 685 2307 ἐπιστρατεύσαντος
703 2226 752 2288 ἐπί
770 2227 805 2287 τὰ
819 2228 923 2288 ὃυτικόι
938 2226 1014 2308 μέρη
1025 2225 1117 2288 πολλὰ
1131 2251 1170 2292 οιο
1184 2251 1215 2290 M.

104 2335 165 2386 τών
178 2325 325 2406 Σκλοίβοον
343 2325 448 2404 πλήθη
466 2325 502 2385 τὰ
521 2323 574 2404 μὲν
592 2323 720 2410 πολέμῳ,
738 2323 774 2384 τότ
793 2323 824 2384 δὲ
842 2324 918 2408 λόγῳ
937 2325 1117 2406 παραλαβὼν
1131 2348 1158 2388 το

102 2421 294 2503 ὑπέστρεψεν.
326 2415 381 2500 ἀφ’
394 2415 437 2483 ὧν
454 2422 660 2502 ἐπιλεξάμενος
679 2421 728 2482 καί
744 2422 920 2503 στρατεύσας
938 2423 1069 2502 χιλιάδας
1087 2420 1117 2483 λ’

177 2584 994 2655 14—160fiTheoph.p.359‚19.—19-210fiThe0ph.p.
1006 2591 1115 2650 364,11.

103 2687 138 2695 -
159 2661 263 2724 21-1).
280 2660 340 2723 τεο,
354 2661 388 2708 τε
406 2657 442 2722 cf.
457 2655 582 2725 Theoph.
593 2673 623 2725 p.
639 2662 699 2722 εστ,
715 2661 756 2710 οο.

177 2785 191 2833 1
207 2777 347 2850 πλείστης]
360 2781 463 2848 πολλῆς
476 2780 562 2848 τῆςΑ
581 2783 684 2848 πολλῆς
698 2781 730 2833 R.
746 2812 779 2820 —
794 2800 823 2836 τε
837 2797 887 2835 σοι,
902 2781 968 2834 MR.
984 2813 1018 2820 —
1033 2787 1049 2833 2
1064 2784 1114 2835 δα-

102 2852 186 2922 νούβι
199 2850 222 2903 Β
241 2850 361 2922 (λούναβι
374 2851 411 2904 M.
426 2883 462 2892 —
481 2856 497 2903 3
511 2851 591 2915 όικτλς
603 2851 692 2907 ΑΒΝ.
709 2883 740 2892 -
760 2858 777 2904 4
791 2851 987 2921 προσορμύσας
1000 2850 1113 2906 ACNP.

103 2955 136 2963 -
157 2927 173 2975 6
192 2919 374 2993 μεσέμβρειαν
387 2922 413 2976 V
430 2921 599 2992 μεσέμβριαν
612 2922 686 2976 AcL
709 2921 877 2994 μεσίμβρίαν
897 2924 958 2991 (τόν)
973 2922 996 2975 Ρ
1014 2923 1114 2992 μεσύμ-

103 2996 189 3064 βριαν
199 2993 229 3047 Μ
245 2989 417 3064 μεσημβρίαν
430 2993 520 3047 BER.
543 2995 581 3046 Ινι
594 2994 618 3047 D
633 2991 799 3066 μεσιμβρίαν
813 3011 846 3049 απ
860 2990 1032 3064 μεσημβρίαν
1045 3010 1113 3048 σοιν.

100 3065 157 3120 vid.
177 3097 211 3106 -
231 3072 246 3118 7
266 3063 413 3133 δρομόνων
426 3063 588 3118 AOEMPR
610 3063 722 3135 δρόμων
741 3065 773 3118 D.
790 3095 823 3106 -
841 3063 984 3120 κατέλειπε
1002 3063 1064 3118 ΕΝ.
1080 3097 1113 3105 -

105 3176 138 3225 10
156 3172 266 3226 εεωιει
284 3171 308 3224 Α
326 3178 352 3226 α
369 3178 401 3226 αι
417 3171 471 3226 αα.
491 3172 521 3225 M
544 3158 599 3226 εελ
617 3172 647 3226 Β.
668 3204 701 3212 -
723 3177 755 3226 13
774 3171 809 3224 t&
828 3171 933 3225 ετιιτι
952 3171 974 3224 Ε
993 3187 1043 3226 om.
1058 3171 1113 3226 Pv.
1177 3159 1178 3162 ‘

103 3275 138 3282 —
159 3249 191 3296 16
210 3241 424 3311 λαϊζομένυυςΡ
441 3241 609 3312 ληϊζομίνων
627 3243 682 3296 LR.
703 3275 736 3282 —
757 3248 789 3296 18
808 3241 870 3305 υἱὸς
888 3244 974 3296 αὐτοῦ
993 3259 1043 3298 οοκ.
1059 3241 1113 3298 OV.

174 3381 190 3430 5
208 3372 411 3446 ἀσφαλίζουται
427 3373 544 3444 πλησίον
557 3383 608 3431 τού
621 3376 748 3447 όανούβη
762 3375 784 3428 Ρ
803 3369 1015 3446 (ἀσφαλίζονται
1032 3377 1115 3432 etiam

102 3447 247 3517 Theoph.).
267 3479 301 3488 -
326 3452 359 3500 10
377 3443 495 3515 νομίσας
517 3447 621 3516 ἔφυμεν
643 3445 745 3501 αὐτίκα
766 3447 885 3516 μηδενὸς
902 3447 931 3501 Ρ.
957 3479 990 3488 -
1014 3447 1064 3509 οὓς
1087 3447 1114 3501 οἱ

101 3518 195 3590 βούλχ.
218 3518 390 3586 θεασόμενοι
413 3519 442 3572 Ρ.
467 3550 501 3558 -
528 3524 560 3571 11
585 3519 661 3584 ύπεξ.
686 3519 735 3576 καί
759 3517 955 3582 ἐπιδιώξαντες
977 3519 1026 3573 καί
1048 3521 1115 3572 πολ-

100 3590 166 3652 λούς
183 3589 213 3642 Ρ.
235 3621 267 3629 -
288 3596 321 3644 19
340 3589 371 3651 ὃς
390 3589 605 3657 ἐπιστρατεύσας
623 3590 652 3642 Ρ.
