2617 3909
177 190 242 255 576
491 192 678 245 ΓΕΩΡΓΙΟΤ
695 190 878 244 MONAXOT

176 352 290 435 Νικαίγ
316 349 449 431 πατέρων
476 350 626 430 σύμβολον
655 347 723 430 περὶ
748 356 802 409 τού
828 346 917 430 ἀγίου
943 350 1121 428 πνεύματος·
1154 350 1191 411 τό

175 449 280 530 νεύρων
302 448 353 510 καί
375 448 520 522 ζωοποιόν
541 446 591 509 καί
613 445 648 508 τὰ
670 446 746 526 ἑξῆς.
1015 506 1018 511 .

244 546 314 609 Τότε
337 545 369 609 δέ
392 546 442 608 καλ
465 543 480 607 6
499 544 589 628 μέγας
604 539 792 625 Ἀμφιλόχους
813 545 970 627 παρεκάλει
992 544 1043 606 τόν
1065 544 1188 626 βασιλέα

174 645 244 719 τούς
268 639 437 726 Ἀρειανούς
464 644 496 705 ἐκ
522 653 626 706 πασῶν
652 652 712 704 τῶν
738 643 853 705 πόλεων
880 642 1065 722 ἐξελαθῆναι.
1110 642 1128 706 6
1153 640 1186 704 δέ

148 741 375 824 δάπηνεστέραν
403 741 560 823 ὑπολαβὼν
591 742 646 822 τήν
673 741 790 820 αίτησιν
821 741 876 821 ούχ
902 739 1074 819 όπήκουσεν
1099 741 1185 825 αύτῷ

174 839 224 901 καί
245 837 269 900 όΙ
285 840 456 918 σοφώτατος
475 835 662 921 Ἀμφιλόχιος
688 839 751 901 τότε
778 835 833 917 μὲν
857 838 1005 919 ἐσίγησεν,
1031 837 1130 921 ἐξεῦρε
1152 838 1185 902 δέ

174 933 235 1017 μετ’
264 934 364 1019 ὀλίγον
395 936 542 1000 ὑπόθεσιν
570 935 851 1016 ἀξιομνημόνευτον.
896 934 978 1008 ἐντὸς
1009 933 1065 1017 γὰρ
1094 936 1187 998 πόλιν

173 1044 232 1097 τῶν
249 1036 405 1115 βασιλείων
424 1036 581 1117 γενόμενος
602 1033 653 1096 καί
670 1040 710 1119 τῷ
724 1036 842 1115 βασιλεῖ
859 1043 1028 1117 παρεστῶτα
1044 1034 1097 1097 τόν
1115 1035 1184 1097 υἱόν

170 1129 325 1216 ’Λοπάδιον
353 1134 536 1213 θεασόμενος
562 1132 614 1195 τὸν
646 1130 700 1212 μέν
731 1130 842 1214 πατέρα
872 1130 1040 1212 ήσπύσατο,
1071 1131 1124 1194 τόν
1150 1131 1184 1194 δὲ

133 1242 159 1281 1⁰
172 1230 240 1293 υίόν
274 1230 426 1294 κατέλιπεν
457 1229 624 1313 ἀγέραστον.
670 1229 720 1291 καί
752 1229 768 1293 6
798 1230 937 1311 βασιλεὺς
967 1232 1092 1309 νομίσας
1120 1230 1184 1292 έπι·

171 1335 321 1410 λησθήναι
344 1328 395 1391 τόν
415 1323 605 1409 Ἀμφιλόχιον
632 1326 825 1390 ἀσπάσασθαι
851 1326 902 1389 καί
926 1328 979 1391 τόν
1001 1327 1069 1389 υἱόν
1091 1347 1184 1410 προσ·
1300 1329 1301 1338 ’

171 1427 277 1503 ε’ταξεν.
323 1427 339 1491 6
367 1425 399 1489 δέ
425 1426 559 1507 ἀποχρῆν
590 1426 650 1506 ἔφη
677 1426 733 1505 τὴν
759 1425 839 1510 αύτῷ
870 1422 941 1507 παρ’
968 1425 1062 1488 αὐτοῦ
1091 1444 1183 1508 προσ-

170 1532 340 1606 ενεχθεῖσαν
371 1524 460 1603 τιμήν
491 1523 541 1586 καί
573 1525 613 1604 μή
646 1524 792 1604 ἐπιζητεῖν
823 1523 874 1585 καί
900 1534 953 1587 τοῦ
980 1525 1050 1586 υίοῦ
1082 1523 1122 1597 ὡς
1149 1525 1184 1587 έν

170 1621 316 1705 διαιρέσει.
362 1622 436 1704 πρὸς
466 1619 503 1684 ὃν
534 1619 550 1682 6
580 1621 716 1702 βασιλεὺς
746 1623 912 1703 χαλεπήνας
944 1623 1055 1685 οἰκείαν
1086 1623 1184 1686 ἐκάλει

130 1730 156 1769 1⁶
170 1722 329 1801 παροινίαν
352 1719 407 1798 τὴν
429 1729 482 1781 τού
505 1720 611 1793 παιδὸς
633 1719 761 1800 ἀτιμίαν.
801 1719 851 1782 καί
874 1718 890 1781 6
911 1716 1100 1802 Ἀμφιλόχιος
1122 1722 1182 1797 έξε-
1304 1729 1305 1750 ἦ

169 1818 260 1898 βόησε
286 1816 389 1899 λέγων·
423 1815 508 1902 ὁρᾷς,
538 1810 561 1879 ὦ
589 1820 723 1898 βασιλεῦ,
755 1828 818 1892 πῶς
846 1819 884 1880 ού
912 1818 1011 1899 φέρεις
1040 1819 1097 1898 τήν
1127 1830 1183 1882 τοῦ

170 1917 277 1991 παιδὸς
299 1914 426 1996 ἀτιμίαν.
471 1918 627 1979 πίστευσον
650 1916 689 1995 δή
712 1908 769 1978 ούν
793 1915 843 1978 καί
865 1915 918 1978 τὸν
940 1918 1015 1980 θεόν
1037 1918 1107 1992 τούς
1128 1917 1183 1979 τὸν

169 2015 237 2077 νίόν
264 2013 357 2077 αὐτοῦ
384 2017 635 2096 βλασφημοῦντας
660 2015 873 2095 βδελύττεσθαί
900 2038 930 2077 τε
962 2015 1013 2076 καί
1039 2014 1181 2098 ἀποστρέ-

169 2120 289 2191 φεσθαι.
334 2112 384 2175 ταί
411 2122 496 2175 τοῦτο
522 2111 653 2187 ἀνιούσας
676 2110 692 2174 6
714 2112 852 2193 βασιλεύς
880 2112 930 2173 καλ
957 2113 1074 2193 σφόδρα
1100 2120 1181 2175 θαυ-

128 2219 154 2259 2⁰
168 2212 263 2290 μύσας
289 2210 384 2291 νόμον
410 2211 504 2285 εὐθὺς
530 2211 641 2294 ἔγραψε
668 2211 739 2285 τούς
760 2220 820 2272 τῶν
842 2212 996 2292 αίρετικῶν
1018 2211 1182 2292 συλλόγους

166 2309 326 2371 κωλύοντα.

236 2412 328 2469 Τούτο
352 2407 384 2468 τὸ
407 2405 524 2488 ἀγαθόν
548 2407 708 2486 φθονήσας
730 2404 747 2467 6
771 2407 928 2486 μισόκαλος
953 2407 1068 2487 δαίμων
1095 2404 1180 2487 ἀμόν

165 2528 192 2565 τι
215 2503 265 2565 καί
287 2503 494 2585 ἀπάνθρωπον
517 2506 714 2587 παρεσκεύασε
737 2503 884 2586 γενέσθαι.
930 2503 989 2565 ἀπὸ
1011 2505 1067 2586 γὰρ
1088 2509 1179 2567 Κων-

206 2672 324 2792 affl-125»
334 2666 499 2721 Theodoret.
509 2666 581 2721 Hist.
592 2666 700 2735 eccl.V‚
709 2673 750 2721 16.
761 2699 795 2708 -
806 2673 902 2736 23-μ,
911 2672 996 2735 57λρ
1011 2668 1045 2734 cf.
1055 2666 1177 2721 ΜαΙεΙεο

160 2756 190 2807 p.
259 2780 267 2805 ,
319 2782 323 2791 .

236 2868 250 2915 1
270 2862 301 2917 τὸ
320 2863 419 2931 κύριον
437 2862 469 2916 τὸ
487 2866 642 2927 ζωοποιοῦν
660 2862 716 2917 Fv.
740 2895 776 2904 —
800 2870 816 2917 3
835 2864 883 2989 δέχ
897 2863 933 2932 δή
951 2862 978 2916 N
995 2879 1045 2917 om.
1065 2862 1120 2916 ER.
1140 2894 1175 2902 —

164 2940 180 2987 5
200 2934 286 2989 αὐτοῦ
305 2934 357 2988 RV
374 2952 423 2989 om.
440 2934 468 2987 P.
489 2966 522 2975 -
546 2938 563 2987 8
582 2935 729 3004 βασιλειῶν
747 2934 852 2988 ΔΕΡΜ
884 2978 890 2987 .
910 2966 943 2975 -
965 2938 997 2988 10
1016 2933 1177 2989 κατέλειπεν

163 3005 222 3059 ΑΝ.
247 3038 281 3046 -
306 3012 338 3060 12
362 3007 491 3078 ἀποχρῆν
508 3005 579 3059 Mur.
609 3002 778 3077 ἀπόχρηνΡ
805 3005 956 3078 ἀποχρῆίά
982 3005 1091 3076 ἀπόχρη
1113 3004 1176 3059 rell.

165 3078 333 3149 (ἀποχρῆναι
353 3077 477 3147 Tbeod.).
497 3108 530 3117 —
551 3082 584 3130 22
604 3074 768 3144 μισόκαλλος
787 3076 864 3131 ΟΡΡ.

234 3212 317 3264 δεταί
336 3213 396 3279 (om.
413 3209 474 3265 τότε
493 3210 534 3281 δὲ)
559 3209 574 3265 6
597 3208 683 3282 μέγας
705 3209 871 3281 ἀμφιλόχιος
893 3210 1027 3265 είσελθάιν
1050 3212 1081 3266 έν
1103 3231 1173 3264 κων-

163 3281 391 3337 σταντινονπόλει
408 3281 559 3349 παρεκάλει
572 3282 601 3335 Ρ.
616 3314 650 3323 -
671 3288 686 3336 6
702 3282 817 3353 σιγήσας
830 3282 966 3337 PTheod.
981 3315 1017 3323 —
1034 3282 1129 3351 ἐξηῡρε
1142 3282 1173 3335 Ρ.

162 3384 195 3395 -
220 3358 253 3405 13
277 3353 326 3406 καί
343 3352 393 3422 τήν
415 3361 465 3407 τοῦ
491 3352 556 3409 υίού
579 3353 716 3409 PTheod.
736 3385 769 3394 -
794 3360 828 3407 18
851 3355 1068 3423 ἀνσφημούντας
1089 3352 1118 3405 Ρ.
1139 3384 1173 3392 —-

162 3429 195 3477 22
215 3422 284 3478 ἀλλὰ
302 3431 402 3478 τούτου
421 3423 436 3477 6
455 3424 543 3494 μισόκ.
564 3422 673 3494 δαίμων
692 3424 854 3494 φθονήσας,
877 3422 914 3487 ὥς
935 3442 1005 3494 φησι
1026 3425 1173 3492 Θεοδώρη-

160 3515 221 3562 τος,
240 3492 315 3619 ὠμήν
334 3514 360 3548 τι
378 3497 568 3563 παρεσκεύασε
587 3495 636 3551 διὰ
653 3500 750 3565 θνμοῦ
768 3497 817 3550 καί
835 3494 1034 3563 ἀπάνθρωπον
1051 3494 1173 3562 διαπρύ-

159 3568 267 3631 ξασθαι
308 3608 313 3618 .
