2617 3909
176 222 243 288 682
491 223 679 276 rmmom
696 222 879 277 MONAxoT

176 368 405 451 δυσωπηθέντες
427 372 459 433 οἰ
479 367 587 453 [ἅγιοι]
610 369 727 454 ἄγγελοι
754 370 862 453 άμουσί
882 392 917 448 με
945 369 1019 453 πρὸς
1041 368 1074 430 τὸ
1097 378 1196 448 σῶμα.

175 467 226 529 καλ
252 468 308 548 τήν
335 467 389 548 μέν
417 469 497 531 ἰδίαν
524 471 618 549 φύσιν
644 479 698 549 τῆς
726 480 826 551 ψυχῆς
850 469 974 549 ἔβλεπον
997 468 1093 550 ὥσπερ
1117 492 1196 548 μαρ-

175 568 300 648 γαρίτην
326 565 566 650 άστράπτουσαν,
592 568 626 630 τδ
653 566 686 629 δὲ
714 577 798 647 σῶμα
823 567 954 640 δυσῶδες
975 565 1025 628 καλ
1052 565 1197 648 ήμαυρω·

176 663 274 744 μένον.
329 665 403 726 ὅθεν
440 665 683 746 δυσχεραίνοντός
719 687 777 744 μου
812 664 863 726 καλ
898 663 1034 746 λέγοντος
1063 673 1117 726 τοῦ
1150 665 1196 744 μὴ

148 764 320 827 εείσελθεῐν
347 762 380 824 ἐν
406 762 486 847 αὐτῷ
506 762 556 825 διά
577 762 634 841 τήν
659 762 789 841 ζόφωσιν
817 761 924 842 αύτού,
952 761 1197 844 προσηπείλησάν

176 883 227 940 μοι
249 860 392 942 λέγοντες·
420 861 448 922 εἰ
473 859 515 941 μή
542 859 671 945 εἰσέρχη,
698 861 788 922 πάλιν
814 859 1038 943 άποστρέφομέν
1062 878 1095 921 σε
1117 860 1196 941 πρὸς

177 958 232 1037 τήν
259 959 429 1038 καταδίκην.
475 958 588 1020 υύκούν
615 959 739 1039 ελλῖελθε,
762 959 812 1020 ἵνα
834 957 884 1020 καί
907 958 997 1032 αύτδς
1019 963 1124 1043 σωθής
1141 956 1195 1018 καί

177 1054 284 1129 άλλους
306 1054 477 1141 ὠφελήσης,
505 1055 545 1130 ὡς
571 1062 611 1141 τῷ
635 1058 729 1143 κυρίρτ
754 1057 862 1130 ἔδοξεν.
906 1055 958 1117 καί
980 1055 1043 1117 τότε
1065 1053 1115 1117 διά
1138 1064 1195 1117 τού

177 1154 320 1234 στόματος
337 1149 418 1216 εἰδον
435 1154 564 1234 ἐμαυτόν
581 1154 763 1236 εἰσελθόντα,
782 1153 878 1217 καὶτὸ
893 1163 977 1234 σῶμα
993 1153 1194 1232 διαναστήσας

137 1275 163 1315 ιο
176 1250 313 1334 ἠρξάμην
335 1253 463 1335 κράζειν·
492 1252 634 1331 ἐλεήσατε.
681 1253 801 1314 πάντων
824 1250 857 1314 δὲ
883 1253 950 1314 λίαν
973 1249 1194 1332 ὠφεληθέντων

175 1350 226 1412 καλ
253 1356 364 1430 μᾶλλον
396 1349 596 1431 φοβηθέντων
627 1349 675 1412 ἐπὶ
706 1360 742 1435 τῇ
775 1352 890 1435 φοβερᾷ
921 1350 1013 1434 ναύτη
1045 1349 1193 1431 διηγήσει,

176 1447 297 1523 ἕκαστος
314 1448 350 1509 τά
368 1448 475 1511 ἑαυτοῦ
492 1448 615 1530 ἐθρήνει
636 1449 879 1528 πλημμελήματα,
902 1447 954 1510 τδν
972 1446 1005 1510 δὲ
1026 1445 1196 1529 όλνθρωπον

176 1544 332 1626 βλέποντες
367 1545 649 1625 καταπεπονημένον
685 1545 736 1608 καλ
775 1546 967 1626 πολύδακρυν
1004 1545 1194 1628 παρεκάλουν

176 1643 341 1725 γεύσασθαι
367 1653 489 1725 τροφῆς.
540 1643 556 1706 δ
584 1643 617 1706 δέ
643 1649 793 1718 παντελῶς
823 1643 877 1725 ούχ
903 1643 1089 1724 ὑπήκουσεν,
1118 1641 1195 1704 ἀλλὰ
1301 1695 1302 1722 ,

50 1764 164 1807 σκιοειι
178 1739 399 1820 ἀποταξάμενος
430 1741 533 1814 αύτοῖς
563 1741 696 1824 διήρχετο
728 1741 780 1816 τὰς
812 1741 968 1821 ἐκκλησίας
998 1740 1049 1802 καί
1079 1741 1196 1822 ῥίπτων

178 1837 283 1901 ἑαυτὸν
312 1838 361 1901 ἐπλ
391 1847 445 1900 τοῦ
476 1838 610 1918 ἐδάφους
639 1839 713 1920 ἐβόα
746 1839 817 1919 μετὰ
848 1849 953 1919 φωνῆς
986 1840 1106 1921 ἰσχυρᾶς
1140 1837 1195 1900 καλ

177 1937 316 2019 δακρύων
339 1941 467 1999 πολλῶν·
492 1935 561 1998 ούαί
584 1936 652 2000 ούαλ
674 1944 736 2011 τοῖς
757 1935 977 2020 ἁμαρτάνουσιν
999 1935 1194 2016 άμετανόητα.

177 2036 250 2097 ποία
272 2034 387 2116 φοβερά
409 2035 530 2109 κόλασις
547 2035 598 2097 καλ
620 2033 747 2109 ἐξέτασις
765 2034 889 2118 ἀκριβής
908 2033 1018 2108 αύτούς
1034 2033 1193 2116 περιμένει.
1302 2107 1303 2110 ¹

176 2133 304 2212 ποιήσας
327 2126 383 2196 ούν
405 2134 499 2207 ούτως
521 2130 633 2217 ήμέρας
655 2130 690 2213 μ’
712 2134 864 2213 νηστεύων
886 2132 937 2194 καί
959 2131 1120 2215 άγρυπνῶν
1141 2131 1194 2194 καὶ

136 2254 163 2295 ιο
176 2232 334 2314 κηρύσσων
361 2231 411 2293 καὶ
438 2232 566 2306 πολλοὺς
593 2230 776 2313 ἐπιστρέφων
802 2231 877 2313 πρὸς
902 2230 1060 2310 μετάνοιαν
1082 2229 1193 2292 ἐτελεύ-

250 2410 264 2456 1
284 2407 388 2459 δυσωπ.
407 2400 506 2458 τοίνυν
525 2402 553 2458 οἱ
570 2403 600 2456 Μ
624 2406 728 2457 δυσωπ.
748 2399 800 2458 οόν
821 2402 891 2458 ozG
914 2403 963 2456 καλ
986 2404 1091 2456 δυσωπ.
1111 2400 1139 2456 οἱ
1158 2401 1192 2456 R.

177 2505 213 2514 —
231 2473 307 2543 ἅγιοι
325 2492 375 2530 om.
394 2474 476 2529 PRV.
501 2507 534 2516 —
559 2482 575 2528 2
594 2472 672 2530 ἰδίαν
690 2473 740 2543 μέν
760 2473 784 2542 (λΔ
803 2475 853 2545 μὲν
871 2491 922 2531 om.
941 2474 974 2528 R.
997 2505 1031 2513 -
1055 2472 1194 2541 δάστρά-

177 2563 284 2599 πτοντα
307 2545 372 2600 ΒΜ.
398 2578 430 2585 -
459 2546 571 2615 δυσώδη
589 2546 615 2598 Α
637 2553 664 2601 αλ
684 2551 716 2601 ut
733 2547 788 2600 vid.
807 2564 841 2600 m.
862 2545 912 2601 ΙΙ)
940 2543 1101 2599 δυσάδειΕ
1125 2545 1193 2598 δυσ-

178 2617 265 2677 σῶδες
283 2615 314 2670 Β.
334 2649 368 2657 -
386 2623 403 2670 4
422 2636 476 2684 μου
494 2617 543 2671 καὶ
560 2615 689 2687 λέγοντος
707 2633 756 2672 om.
772 2615 850 2671 GLN
873 2637 928 2685 μου
946 2633 996 2670 om,
1012 2615 1068 2670 OE.
1089 2646 1122 2656 -
1142 2623 1194 2670 τού

178 2704 227 2742 om.
243 2686 294 2741 RV
317 2688 348 2741 ύκ
366 2706 420 2757 μου
438 2689 556 2743 mutavit
572 2706 607 2742 m.
620 2687 682 2742 21).
699 2719 731 2728 —
753 2694 768 2742 6
788 2685 917 2761 εἰσέλθῃς
930 2687 989 2742 RV.
1004 2719 1039 2726 -
1058 2685 1195 2755 ύποοτρέ·

178 2778 268 2828 φαμεν
286 2759 384 2828 (-ωμεν
402 2757 437 2828 D)
456 2757 518 2812 DR.
538 2790 572 2798 —
591 2759 673 2884 21on
692 2759 733 2822 εἰς
747 2759 834 2813 ABR.
853 2791 887 2799 -
908 2764 941 2813 10
960 2756 1083 2830 κράζειν]
1102 2757 1194 2827 λέγειν

177 2829 236 2884 RV.
264 2860 300 2869 —
328 2834 362 2881 13
384 2828 547 2897 πολύδακρυ
569 2829 645 2883 AEL
675 2873 680 2884 .
707 2862 743 2872 -
772 2838 805 2885 14
829 2830 948 2900 νεύσθαι
972 2829 996 2884 G
1023 2827 1145 2895 δέξασθε
1168 2830 1194 2882 A

179 2903 223 2970 (cs.
238 2901 317 2966 infra
334 2898 367 2968 P)
390 2901 555 2973 μεταλαβεῖν
572 2901 603 2954 Β.
623 2933 657 2941 -
677 2898 737 2956 ἀλλ’
755 2901 896 2957 GGLNR.

250 3038 265 3086 1
284 3031 369 3087 πάλιν
388 3031 487 3103 ἄγουσί
505 3053 538 3104 με
556 3033 585 3088 Ρ.
605 3066 639 3075 -
659 3041 676 3088 4
695 3036 804 3106 δοσχερ.
824 3055 877 3104 μου
895 3035 944 3089 καλ
961 3036 1195 3102 παρακαλοῦντος

178 3104 215 3174 μή
234 3101 320 3159 πάλιν
343 3104 480 3160 εἰσελθεῖν
504 3106 535 3160 ἐν
556 3107 645 3174 αύτῶ,
669 3123 788 3175 προσηπ.
807 3106 830 3160 Ρ
849 3107 893 3176 (cf.
913 3104 1026 3175 (lomb).
1051 3137 1085 3146 —
1109 3111 1125 3158 6
1144 3125 1195 3175 μοι

178 3192 228 3231 ονε.
246 3173 276 3228 Ρ.
291 3207 326 3216 ·-
346 3182 378 3231 11
388 3193 442 3246 sqq,
463 3179 569 3249 φοβηθ.
585 3177 631 3232 ἐπὶ
649 3185 683 3248 τῇ
697 3176 850 3250 παραδόξῳ
868 3179 955 3232 αύτοῦ
974 3175 1126 3231 ἀναστάσει
1143 3177 1195 3232 καλ

178 3245 305 3316 ἐξηγήσει
332 3248 380 3302 καλ
402 3249 642 3316 παρακαλούντων
665 3248 806 3314 δέξασθαι
828 3255 936 3318 τροφῆς
963 3249 997 3302 ού
1024 3245 1195 3313 κατεδέξατο

177 3318 270 3444 W
271 3337 378 3460 ⁷533?ss
386 3316 959 3447 ‘³²²⁶‘122⁰‘⁸⁰{{‘3⁸2225⁸‘⁹1212²Z¹‘2‘332521
966 3316 1196 3445 (ssssffss'fffissssss

178 3460 218 3522 εἰς
230 3460 282 3529 τήν
296 3469 349 3532 γῆν
368 3459 435 3532 ἐβόα
453 3408 680 3530 μετάᾳδακρύων·
700 3410 766 3515 οἰόνί
779 3470 837 3524 τοῖς
852 3460 951 3532 άμαρτ.
965 3461 987 3514 Ρ
1006 3411 1111 3531 (βίκίίίε
1125 3463 1196 3530 quid

179 3530 293 3601 θύτου).
303 3563 338 3572 -
350 3537 383 3585 18
398 3530 510 3595 κόλασις
524 3533 620 3592 αύτοῑς
634 3531 683 3584 καλ
697 3531 733 3596 ἐξ.
744 3532 806 3599 άτιρ.
816 3531 959 3601 περιμένει
965 3532 995 3586 Ρ.
1008 3565 1039 3573 -
1052 3537 1135 3586 1920
1145 3553 1196 3603 νη-

179 3602 284 3656 στεύων
298 3603 346 3655 καλ
360 3600 464 3656 κλαίων
479 3603 527 3656 καὶ
542 3598 721 3671 σωφρονίζων
739 3601 848 3666 πάντας
867 3602 932 3658 ἐτελ.
948 3603 977 3657 Ρ.
1024 3671 1025 3676 ¹
