2617 3909
182 177 246 241 754
494 178 682 230 ΙἘΩΡΓΙΟΤ
700 179 884 230 ΜΟΝΑΧΟΤ

243 318 277 387 Ὁ
299 324 332 387 δέ
353 349 385 407 γε
408 327 554 408 τύραννος
574 325 712 406 βασιλεὺς
734 326 790 406 τὴν
807 325 896 388 πόλιν
918 325 1007 398 ἐάσας
1031 326 1089 404 τὴν
1109 329 1208 386 Νικο-

181 424 307 503 μήδειαν
338 425 556 504 καταλαμβάνει
595 424 645 486 καλ
680 424 770 486 ἐκεῖσε
804 423 928 506 διέτριβε
960 423 1045 505 μέχρι
1082 428 1210 484 πολλοῦ.

181 521 355 584 ἐπανελθών
378 519 410 582 δὲ
429 523 559 583 σύνοδον
577 523 770 604 συναθροίζει
791 522 865 584 κατὰ
885 532 944 583 τών
963 519 1059 602 άγίων
1077 521 1211 582 εἰκόνων

182 620 214 682 ἐν
240 619 431 701 Βλαχέρναις,
459 619 492 681 ἐν
514 607 534 706 ᾗ
557 617 650 680 πολλὰ
673 619 747 680 κατὰ
769 629 823 681 τοῦ
846 621 952 699 κυρίου
976 618 1027 681 καί
1051 617 1132 680 κατὰ
1156 627 1211 679 τοῦ

155 723 311 798 ιΧριστοῦ
339 718 432 780 αὐτοῦ
459 717 706 798 κενολογήσαντες
734 718 766 779 οἰ
791 719 877 798 ἱερεῖς
904 727 957 796 τῆς
979 717 1131 797 αἰσχύνης
1160 715 1212 776 καὶ

182 816 233 889 τάς
251 816 359 898 μιαρδις
377 823 474 897 χεῖρας
494 817 537 890 εἰς
554 817 636 894 όφος
653 814 777 896 όίραντες
795 815 845 876 καλ
862 815 1059 888 ἀλαλάξαντες
1075 815 1211 897 ἔρρηξαν

181 914 237 992 τὴν
260 913 389 993 ἐλεεινὴν
413 913 521 993 φωνην
544 914 662 992 ἐκείνην
685 913 828 996 λέγοντες·
857 914 987 994 σήμερον
1012 914 1152 992 σωτηρία
1175 919 1213 996 τῷ

181 1013 281 1095 κόσμῳ
309 1010 443 1092 γέγονεν,
472 1012 516 1073 ότι
543 1013 595 1090 σύ,
623 1013 758 1091 βασιλεύ,
790 1011 943 1093 ἐλυτρώσω
971 1008 1051 1090 ἡμᾶς
1085 1010 1121 1072 ἐκ
1151 1021 1210 1072 τῶν

86 1133 169 1173 οιοιι.
183 1109 321 1172 εἰδώλων.
362 1107 386 1170 ώ
409 1121 461 1189 τῆς
483 1110 605 1190 ἐσχάτης
627 1109 678 1172 καλ
698 1115 847 1191 τολμηρᾶς
869 1109 1035 1182 αὐθαδείας
1058 1107 1112 1169 καλ
1133 1107 1209 1170 ἀπο-

143 1232 169 1272 ιο
181 1208 266 1282 νοίας
295 1206 345 1268 καί
373 1209 564 1287 βλασφημίας
595 1217 654 1269 τῶν
682 1208 883 1288 χριστομάχων
914 1206 964 1268 καὶ
996 1207 1208 1288 ἰεροκαπήλων

183 1306 232 1366 καλ
255 1315 308 1385 τῆς
331 1305 495 1367 ἀκολάστου
517 1306 651 1386 γλώσσης
674 1305 773 1368 αὐτῶν
801 1304 851 1366 καλ
874 1305 995 1386 γνώμης
1018 1303 1207 1385 ἀγνώμονος.

183 1403 211 1464 εἰ
231 1402 286 1484 γάρ
310 1401 326 1464 δ
349 1414 402 1483 τῆς
424 1403 559 1484 ἀσεβείας
586 1404 737 1483 πρόμαχος
764 1396 852 1476 οὗτος
880 1405 973 1477 αἴτιος
996 1412 1049 1482 τῆς
1073 1404 1207 1465 εἰδώλων

183 1500 394 1581 καθαιρέσεως,
421 1502 517 1580 μάτην
540 1499 597 1581 ἀρα
620 1501 741 1583 γέγονεν
764 1497 784 1579 ἡ
808 1500 1038 1581 ἐνανθρώπησις
1061 1505 1208 1583 Χριστοῦ,

183 1598 255 1677 κενὴ
281 1596 313 1659 δὲ
340 1598 390 1660 καλ
413 1597 432 1678 ἡ
456 1609 515 1660 τῶν
538 1598 710 1661 ἀποστόλων
738 1599 920 1660 διδασκαλία.
966 1598 1122 1678 φυσηθεὶς
1154 1592 1208 1661 ούν

145 1693 201 1761 ιεδ
224 1696 351 1769 δείλαιος
377 1696 425 1758 ἐπλ
453 1707 488 1781 τῇ
516 1696 701 1780 ἀπηχεστάτη
729 1706 817 1781 φωνῇ
845 1699 937 1781 ταύτη
962 1696 1129 1777 προσέθετο
1161 1697 1209 1758 καὶ

258 1929 327 1976 1-2
341 1924 376 1990 ef.
386 1922 624 1992 NicephoriPatr.
636 1922 933 1992 Antirrhet.1110p.65
948 1921 1046 1993 Migne
1056 1921 1137 1976 nom.
1149 1929 1208 1990 100,
1278 1908 1279 1930 ¹

186 2001 238 2048 496
247 1995 279 2049 Β.
299 2027 334 2036 -
353 2001 440 2048 3-14
460 1994 597 2063 Stephani
617 1995 677 2048 vita
696 1994 832 2063 Stephani
855 1994 951 2064 Migne
972 1999 1041 2047 1120
1051 1993 1085 2047 D.
1097 2010 1155 2063 sqq.
1176 2027 1209 2034 ——

188 2073 292 2135 14-φ.
309 2072 370 2135 755,
384 2073 401 2120 4
419 2069 454 2135 ιγ’.
470 2065 594 2134 Theoph.
610 2084 638 2134 p.
654 2071 754 2134 42112.

260 2251 273 2296 1
294 2264 324 2314 γε
343 2261 394 2298 om.
404 2243 463 2296 AR.
478 2275 513 2283 —
533 2248 547 2295 7
563 2241 674 2312 ἐκείνην
690 2243 789 2312 φωνὴν
803 2242 859 2296 MV
878 2243 976 2312 φωνὴν
992 2260 1043 2298 om.
1055 2259 1127 2297 rece.
1139 2261 1209 2297 non·

186 2315 266 2368 nulli.
287 2347 319 2355 —
346 2319 379 2367 10
397 2315 445 2367 καλ
464 2312 642 2385 βλασφημίας
659 2331 710 2370 om.
729 2314 786 2369 LP.
807 2346 840 2354 -
863 2321 895 2367 11
915 2315 1026 2384 γνώμης
1044 2315 1141 2369 αὐτῶν
1159 2317 1207 2369 καί

187 2389 308 2456 γλώσσης
330 2385 354 2437 Ι)
382 2387 493 2456 γνώμης
516 2387 609 2441 αὐτῶν
632 2388 681 2440 καλ
704 2387 814 2456 γνώμης
838 2388 900 2454 (σία)
926 2386 956 2439 R.
982 2417 1016 2426 -
1042 2386 1092 2438 καλ
1117 2387 1207 2456 ἀγνώ-

187 2476 273 2526 μονος
291 2456 311 2510 G
330 2475 380 2511 om.
395 2456 427 2510 D.
449 2489 483 2498 —
504 2463 536 2510 12
555 2456 702 2528 πρόμαχος
719 2457 767 2510 PR
788 2456 945 2530 πρόταρχος
961 2456 1041 2510 AEN
1065 2458 1207 2526 προύταρ-

187 2529 274 2600 χοςΕ
298 2529 461 2600 πρώταρχος
478 2527 553 2581 Bcv
573 2529 678 2596 (οαδενι
701 2530 781 2583 νοτία
804 2530 881 2583 lectio
903 2531 935 2582 ι’νι
952 2530 1029 2583 codd.
1051 2529 1206 2598 Stephani).

187 2631 223 2640 -
240 2608 289 2668 τῆς
306 2609 362 2653 τῶν
381 2599 502 2654 εἰδώλων
516 2599 597 2653 ALR.
613 2632 646 2640 —
667 2605 700 2653 13
720 2608 833 2671 χριστοῦ
847 2599 923 2652 ΑΒΡ
943 2609 993 2654 τοῦ
1012 2609 1127 2670 χριστοῦ
1147 2600 1206 2654 το11

189 2703 221 2710 -
243 2677 276 2724 14
295 2671 429 2738 φυσιθελς
442 2671 467 2723 Α
481 2677 506 2724 ελ
519 2687 590 2725 rece.
605 2671 735 2726 nonnulli
754 2671 910 2740 φυσιωθελς
923 2671 948 2725 V
968 2672 1120 2738 φυσιοθελς
1136 2688 1206 2726 rece.

188 2742 312 2812 quidam.

188 2922 236 2974 καλ
250 2918 423 2976 άναστασίου
439 2929 488 2975 τοῦ
504 2919 619 2989 ἀνιέρου
633 2918 805 2990 τεθνηκότος
823 2917 950 2991 οἰκτίστῳ
969 2920 1060 2976 πάθει
1080 2926 1118 2975 τῶ
1131 2926 1206 2993 λεγο-

190 2990 262 3060 μένω
291 2995 429 3064 χορδαψᾷ)
452 2990 560 3060 κόπρον
588 2991 637 3048 διά
665 2991 801 3062 στόματος
828 2990 976 3061 ἐμέσαντος
1003 2977 1208 3054 νωνστόιντῑνος

188 3047 260 3117 κατά
278 3073 334 3118 τῶν
353 3061 441 3132 ἁγίων
460 3063 578 3118 εἰκόνων
596 3061 764 3133 παράνομον
784 3063 931 3130 συνέδριον
955 3060 1078 3117 ἀνοσίων
1098 3064 1207 3119 ἐπισκό-

189 3153 251 3187 πων
274 3134 305 3188 έν
328 3133 499 3206 Βλαχέρναις
527 3131 657 3204 ἐποίησεν
687 3135 716 3189 ἐν
745 3127 762 3206 ᾖ
792 3136 854 3203 (sic)
874 3155 898 3187 κ.
917 3154 940 3188 τ.
960 3136 983 3188 λ.
1013 3138 1057 3202 (=
1081 3135 1206 3205 Theoph.

186 3223 215 3273 p.
230 3210 326 3272 424‚1
351 3213 376 3260 et
394 3212 460 3274 427,
479 3208 532 3275 25).
557 3238 591 3245 —
617 3214 631 3260 1
652 3207 781 3276 βασιλεὺς
804 3223 853 3260 om.
873 3205 903 3260 P.
925 3238 960 3246 -
989 3206 1074 3268 ἐάσας
1096 3208 1146 3261 καλ
1169 3208 1208 3270 εἰς

189 3297 242 3330 νικ.
258 3277 393 3330 ἀπελθὼν
412 3277 499 3331 ἐκεῖσε
517 3277 547 3329 Ρ.
566 3309 602 3316 -
626 3283 660 3329 14
679 3278 728 3331 καλ
747 3276 813 3345 κενὴ
832 3286 888 3331 τῶν
907 3275 1070 3332 ἀποστόλων
1089 3277 1107 3346 ἡ
1127 3282 1207 3334 διδα-

190 3343 289 3399 σκαλία
303 3345 334 3398 P.
365 3347 436 3399 Τειιπ
450 3349 543 3401 addit:
563 3344 633 3401 ὅθεν
647 3347 761 3409 εἰκότως
775 3346 1043 3416 ἀνεθεματίσθησαν
1057 3350 1107 3402 καὶ
1122 3350 1206 3416 άπερ-

190 3415 317 3483 ράγησαν
340 3414 397 3468 ἀπὸ
418 3425 474 3469 τῶν
492 3420 597 3471 λοιπῶν
620 3415 709 3487 ἁγίων
727 3416 843 3485 θρόνων
868 3419 905 3481 ὡς
922 3419 1045 3488 ἀχρηστα
1069 3418 1134 3488 μέλη
1159 3421 1207 3475 καλ

191 3482 330 3552 σεσηπότα
345 3484 394 3537 διδι
408 3485 459 3551 τὴν
472 3488 606 3555 τοιαύτην
620 3486 788 3557 θεομαχίαν.
822 3497 847 3544 ολ
858 3492 1043 3558 persequutor.-
1056 3491 1105 3544 καί
1119 3489 1207 3552 ούτως

192 3553 207 3604 ὁ
227 3551 341 3621 βέβηλος
360 3557 500 3621 φυσηθεὶς
519 3555 572 3609 ἐπὶ.
