2617 3909
175 166 239 230 776
488 168 675 220 ΙῈΩΡΓΙΟΤ
692 169 877 221 ΜΟΝΔΧΟΤ

442 329 517 414 [λύ’.
551 333 640 415 Περί
668 330 923 416 Σταυρακίου.]

239 458 328 520 Μετά
351 457 384 520 δέ
407 459 589 539 Νικηφόρον
611 458 780 538 ἐβασίλευσε
799 460 986 541 Σταυράκιος
1009 459 1076 533 υίὸς
1100 459 1204 520 αὐτοῦ

174 555 237 630 ἔτος
264 554 296 618 α’
319 566 417 637 μῆνας
444 554 485 637 β’.
532 554 565 630 ὃς
596 557 630 619 έν
662 564 701 641 τῷ
725 559 856 640 παλατίῳ
889 559 1022 636 κείμενος
1056 557 1108 618 διὰ
1143 559 1204 636 τὴν

173 654 291 736 πληγὴν
308 665 361 715 τοῦ
380 664 478 737 μηροῦ
501 654 551 716 καί
571 653 784 737 ἀνορθοῦσθαι
807 655 848 734 μὴ
868 656 1034 734 δυνάμενος
1055 655 1204 738 ἀπρόϊτος

61 774 158 814 svam
173 745 212 832 ὴν
234 752 284 815 καὶ
307 752 428 832 ἀφανὴς
450 758 513 826 τοῖς
535 753 590 827 ἔξω
613 763 667 814 τοῦ
690 755 844 814 παλατίου.
881 745 1047 814 κάντεῦθεν
1070 753 1203 834 Μιχαὴλ

174 850 189 913 ὅ
212 851 344 932 γαμβρὸς
367 850 461 912 αύτοῦ
488 849 538 911 καί
565 852 791 931 κουροιιαλάτης
813 850 958 931 ἐξαίφνης
980 851 1202 933 ἀναγορεύεται

173 948 310 1029 βασιλεὺς
333 947 365 1009 έν
383 955 422 1032 τῷ
438 951 549 1033 ἱππικῷ
568 948 649 1030 παρὰ
668 959 720 1028 τῆς
739 949 905 1029 συγκλήτου
928 948 979 1010 καί
1002 959 1062 1010 τῶν
1081 950 1199 1032 ταγμά-

173 1070 232 1108 των
255 1045 295 1120 ὡς
312 1044 373 1126 ἤδη
391 1045 621 1128 ἀπεγνωσμένου
640 1057 693 1108 τοῦ
713 1049 905 1129 Σταυρακίου
928 1046 979 1108 διὰ
997 1049 1053 1127 τὴν
1073 1048 1200 1128 χρόνων

173 1143 346 1226 ἀρρωστίαν.
384 1145 455 1228 ὅπερ
470 1144 579 1224 μαθὼν
593 1145 782 1227 Σταυράκιος
796 1145 846 1206 καὶ
860 1144 892 1206 τὸ
908 1146 1073 1226 μοναδικὸν
1088 1146 1199 1208 αὐτίκα

134 1265 160 1306 10
173 1253 270 1324 σχῆμα
297 1243 354 1304 σὺν
377 1253 412 1328 τῇ
436 1241 556 1325 γυναικὶ
583 1244 677 1304 αὐτοῦ
703 1245 849 1328 Θεοφανῷ
868 1243 1065 1324 περιθέμενος
1095 1245 1138 1317 είς
1160 1243 1198 1304 τὰ
1277 1285 1278 1320 χ

173 1341 274 1423 Βρακά
297 1341 455 1422 λεγόμενον
479 1341 678 1421 μοναστὴριον
701 1341 892 1419 ἐτελεύτησεν.
1277 1325 1278 1336 ¹

298 1516 355 1601 [μ’.
389 1518 477 1602 Περὶ
506 1520 652 1599 Μιχαὴλ
676 1529 737 1581 τοῦ
760 1516 1061 1602 κουροπαλάτου.]

240 1643 328 1730 Μετά
346 1641 379 1704 δὲ
397 1643 587 1723 Σταυράκιον
608 1643 775 1724 ἐβασίλευσε
794 1642 921 1723 Μιχαὴλ
943 1643 1077 1724 γαμβρὸς
1101 1643 1193 1706 αὐτοῦ

174 1742 237 1816 ἔτος
260 1739 293 1802 α’
312 1753 409 1823 μὴνας
431 1739 477 1802 θ’.
524 1737 557 1813 ὃς
580 1741 622 1815 εἰς
645 1743 742 1802 πάντα
765 1738 819 1820 μέν
842 1740 966 1821 χρηστὸς
989 1733 1028 1820 ὴν
1056 1740 1109 1802 καὶ
1132 1741 1193 1804 ἔπι·
1277 1775 1278 1816 3

133 1863 159 1903 ιι
173 1840 270 1920 εικής,
297 1841 339 1914 εἰς
367 1838 399 1902 δὲ
426 1839 482 1919 τὴν
509 1849 568 1900 τῶν
596 1840 776 1922 πραγμάτων
808 1839 958 1917 διοίκησιν
990 1837 1192 1921 ἀκυβέρνητος
1277 1825 1278 1830 ¹

172 1945 322 2012 παντελῶς
340 1937 452 2020 ὑπῆρχε
470 1937 521 1999 καὶ
536 1936 757 2016 δεδουλωμένος
776 1937 908 2015 ματαίων
926 1935 1102 2019 ἀνθρώπων
1121 1940 1189 2018 βου-

74 2060 114 2099 ετο
128 2059 158 2098 ω.
173 2043 237 2111 λαῑς
264 2036 314 2098 καὶ
341 2035 591 2117 ἀπειροπολέμων.
637 2035 712 2096 ὅθεν
740 2033 966 2116 ἐπιστρατεύσας
998 2034 1072 2094 κατὰ
1098 2039 1190 2096 Βουλ-

172 2136 272 2217 γάρων
300 2134 350 2196 καλ
377 2132 448 2214 μετά
476 2134 603 2215 μεγάλης
631 2134 721 2212 ἥττης
748 2130 953 2214 ὑποστρέψας,
983 2131 1191 2214 ἀναγορεύεται

172 2232 262 2295 Λέων
284 2232 300 2295 ὁ
324 2234 477 2314 πατρίκιος
502 2230 552 2292 καὶ
575 2231 737 2313 στρατηγὸς
758 2241 817 2292 τῶν
840 2229 1024 2291 ἀνατολικῶν
1052 2230 1113 2292 ύπὸ
1141 2241 1190 2293 τού
1277 2277 1278 2284 1

133 2355 159 2394 κο
173 2336 246 2392 λαοῦ
269 2330 319 2391 καί
342 2339 401 2390 τῶν
424 2328 574 2412 ἀρχόντων
603 2329 635 2390 έν
659 2335 699 2413 τῷ
718 2328 922 2412 τριβουναλίη).
968 2326 1019 2388 καὶ
1043 2327 1081 2408 δὴ
1106 2337 1190 2390 τοῦτο

173 2429 297 2510 Μιχαὴλ
320 2428 452 2500 ἀκούσας
479 2427 528 2488 καί
551 2428 584 2489 τὸ
608 2426 771 2506 μοναδικὸν
795 2436 892 2507 σχῆμα
915 2426 971 2486 σύν
993 2427 1116 2508 γυναικὶ
1143 2425 1190 2488 καὶ

173 2526 285 2601 τέκνοις
308 2525 535 2606 ἀμφιασάμενος
562 2524 613 2586 καὶ
640 2527 730 2607 λόγον
755 2523 903 2596 ἀπαθείας
926 2525 1124 2604 αἰτησάμενος
1151 2526 1191 2598 είς

172 2625 204 2688 τὸ
228 2627 353 2704 πλησίον
377 2634 429 2703 της
452 2624 564 2697 πόλεως
591 2624 698 2703 νησίον
727 2624 931 2703 περιορίζεται,
960 2621 992 2683 έν
1015 2611 1038 2707 ᾧ
1059 2623 1110 2684 καὶ
1134 2624 1190 2686 ἕτε-

173 2724 319 2802 λεύτησεν.

243 2901 313 2948 3-5
328 2896 362 2962 cf.
378 2894 503 2963 Theoph.
513 2912 543 2964 μ.
558 2898 619 2958 495,
631 2900 673 2946 15.
690 2925 723 2932 ——
739 2899 824 2946 5-11
840 2895 875 2960 cf.
891 2892 1015 2962 Theoph.
1026 2910 1056 2962 μ.
1072 2897 1135 2960 493,
1148 2900 1188 2946 91.

174 3000 206 3007 -
223 2973 327 3021 14-17
342 2969 376 3034 cf.
388 2966 513 3035 Theoph.
524 2983 554 3035 μ.
568 2970 631 3030 499,
641 2970 683 3017 31.
699 2997 732 3006 -
749 2971 853 3018 19-93
868 2965 902 3031 ef.
914 2964 1039 3032 Theoph.
1050 2983 1081 3034 p.
1093 2970 1155 3033 509,
1167 2971 1189 3018 1.

244 3133 259 3180 9
280 3127 294 3180 ὁ
313 3126 376 3190 υίὸς
389 3126 501 3183 DLRV.
517 3158 550 3166 -
571 3132 586 3179 3
606 3126 654 3179 καὶ
668 3133 759 3195 μῆνας
772 3125 887 3178 ALMR.
907 3157 941 3165 -
961 3130 976 3177 6
996 3125 1191 3194 κοροπαλάτης

172 3197 276 3252 AGDE
287 3197 351 3251 Exe.
368 3199 403 3251 de
419 3198 503 3250 insid.
519 3229 553 3237 —
573 3203 588 3251 9
607 3196 762 3267 μοναχικὸν
781 3196 841 3249 BR.
857 3228 891 3237 -
911 3201 944 3250 10
963 3195 1004 3257 είς
1022 3195 1153 3267 τάβροικα
1166 3199 1190 3249 A

172 3270 212 3330 είς
229 3268 291 3322 τάέ
311 3269 397 3336 ραϊκά
410 3268 569 3337 GTheoph.
594 3269 634 3329 εἰς
651 3267 686 3321 τά
702 3268 857 3334 σταοραιυά
871 3283 941 3321 rece.
957 3266 1075 3336 quidam
1100 3269 1141 3330 εἰς
1156 3267 1190 3322 τά

172 3356 308 3404 σταυρικα
324 3355 396 3391 rece.
411 3339 468 3392 alii.
484 3371 518 3378 —
539 3344 572 3391 13
589 3338 604 3392 ὁ
619 3339 744 3409 γαμβρὸς
757 3338 869 3392 ABRV.
886 3369 919 3377 —
940 3344 973 3390 14
993 3337 1023 3392 ἓν
1037 3341 1086 3392 καλ
1099 3346 1191 3407 μῆνας

171 3409 230 3461 AR.
249 3439 283 3446 —
307 3407 417 3470 πάντας
435 3408 500 3462 GM.
523 3441 557 3449 -
584 3415 616 3462 16
635 3410 742 3478 ὑπῆρχε
761 3412 903 3472 παντελῶς
921 3410 945 3461 Α
967 3409 1073 3478 ὑπῆρχε
1092 3426 1144 3464 om.
1160 3411 1189 3464 L.

173 3508 206 3518 -
230 3482 262 3529 91
287 3477 399 3545 γυναιξί
421 3479 507 3530 ABR.
536 3511 569 3518 —
599 3484 638 3532 99-
657 3480 703 3532 καλ
729 3478 812 3548 λόγον
835 3477 979 3541 ἀπαθείας
1004 3479 1191 3548 αἰτησάμενος

173 3545 246 3598 ABV
265 3562 316 3598 οω.
330 3545 390 3597 rell.
1277 3559 1278 3562 ’
