2617 3909
177 175 241 238 796
485 178 673 227 ΓεσεΡΓιοκ
691 178 875 228 ΜοαΑΧοο

173 325 287 398 πάντας
314 326 384 398 τοὺς
412 325 568 407 φραγμοὺς
595 324 703 404 αὐτοῦ,
733 325 809 386 ἔθου
836 325 871 386 τὰ
899 323 1072 407 ὀχυρώματα
1102 327 1197 388 αὐτοῦ

175 423 294 484 δειλίαν.
336 424 500 505 διήρπαζον
522 423 614 486 αὐτὸν
637 423 745 497 πάντες
768 425 800 484 οἱ
816 424 999 496 διοδεάοντες
1022 423 1112 504 ὀδόν,
1135 425 1197 506 ἐγε-

174 521 259 600 νήθη
283 520 397 594 ὄνειδος
420 527 482 594 τοῖς
503 522 630 602 γείτοσιν
653 521 755 582 αὐτοῦ.
793 523 920 598 ῦψωσας
942 522 996 600 τήν
1015 521 1118 596 δεξιὰν
1137 533 1196 583 τῶν

174 620 343 699 θλιβόντων
370 619 476 698 αὐτόν,
508 617 661 699 εόφρανας
693 620 806 693 πάντας
833 619 904 693 τοὺς
930 619 1058 701 ἐχθροὺς
1091 620 1197 699 αὐτοῦ,

148 715 360 798 σάπίστρεψας
391 716 446 796 τήν
478 717 625 797 βοήθειαν
657 727 710 797 τῆς
741 719 892 798 ῥομφαίας
927 719 1019 780 αὐτοῦ
1057 718 1109 779 καὶ
1141 719 1198 780 οὐκ

174 814 337 895 ἀντελάβου
360 815 453 878 αὐτοῦ
481 816 513 877 ἐν
536 822 575 899 τῷ
595 814 721 900 πολέμῳ.
768 816 857 877 ἔνθεν
880 809 937 877 οὖν
960 816 1066 877 λοιπὸν
1089 819 1123 878 οἱ
1143 816 1197 896 μὲν

174 923 227 992 τῆς
247 915 359 987 πόλεως
382 914 524 989 ἔψαλλον·
549 906 634 975 οὗτοι
656 913 689 975 ἐν
713 915 823 997 όίρμασι
845 913 896 975 καί
919 907 1002 975 οὗτοι
1025 914 1058 976 ἐν
1081 915 1195 994 λ’πποις,

174 1008 259 1089 ἡμεῖς
286 1010 318 1073 δὲ
341 1013 374 1074 ἐν
397 1010 520 1092 όνόματι
545 1014 652 1094 κυρίου
676 1018 751 1074 θεοῦ
779 1010 864 1091 ήμῶν
893 1012 1195 1093 μεγαλυνθήσόμεθα.

174 1109 260 1171 αὐτοὶ
282 1112 546 1195 σννεποδίσθησαν
575 1111 625 1170 καὶ
647 1111 766 1188 ἔπεσον,
795 1107 879 1189 ήμεῖς
903 1109 934 1171 δὲ
958 1109 1122 1190 όινίστιχμεν
1145 1111 1196 1170 καλ

135 1227 161 1265 10
175 1206 414 1288 άνωρθώθημεν.
456 1207 524 1270 δδλ
542 1214 627 1280 θεῖος
650 1209 737 1289 λόγος
759 1200 851 1281 αὖθις
874 1209 1123 1289 παρεγγυάμενος
1145 1207 1194 1267 καλ

174 1308 488 1388 προευαγγελιζόμενος
506 1306 608 1379 αὐτοῖς
626 1299 660 1368 εὖ
680 1307 757 1385 μάλα
775 1306 830 1384 τήν
849 1303 967 1386 ἀθρόαν
987 1305 1037 1365 καὶ
1056 1307 1193 1385 ταχίστην

174 1405 359 1466 κατάπτωσιν
382 1415 434 1466 τοῦ
453 1405 564 1487 ἐχθροῦ
587 1404 687 1465 αὐτῶν
705 1403 879 1483 ἀπεφήνατο
904 1404 1066 1484 μονονουχὶ
1089 1403 1191 1485 λέγων·

174 1501 275 1580 τέκνα,
313 1503 563 1584 μακροθυμήσατε
595 1502 650 1581 τήν
682 1502 762 1584 παρὰ
794 1509 869 1563 θεοῦ
902 1503 1091 1564 ἐπελθοῦσαν
1123 1501 1192 1581 ὑμῖν

175 1597 280 1681 όργήν·
304 1602 458 1674 κατεδίωξε
481 1602 537 1682 γάρ
556 1619 587 1661 σε
606 1599 621 1661 ό
641 1600 749 1682 ἐχθρός
772 1619 837 1679 σου,
860 1599 909 1660 καὶ
934 1598 1004 1678 ὄφει
1027 1599 1122 1661 αὐτοῦ
1140 1600 1191 1678 τήν

135 1716 161 1756 15
175 1697 324 1758 ἀπώλειαν
347 1699 379 1759 ἐν
397 1701 476 1779 τάχει
494 1699 544 1760 καὶ
562 1698 611 1761 ἐπὶ
629 1699 792 1778 τραχήλους
815 1698 914 1759 αὐτῶν
937 1699 1075 1782 ε’πιβήσχ.
1118 1704 1191 1778 θαρ-

175 1802 258 1874 σεῖτε,
281 1795 383 1874 τέκνα,
411 1797 460 1858 καί
487 1799 614 1877 βοήσαιε
641 1797 716 1877 πρὸς
741 1797 793 1858 τόν
816 1796 902 1857 θεόν·
932 1797 1011 1858 ἔσται
1039 1795 1096 1877 γάρ
1123 1797 1190 1874 ὑμῖν

175 1892 234 1956 ὑπὸ
267 1903 319 1955 τοῦ
351 1895 551 1977 ἐπαγαγόντος
588 1897 656 1973 μνεί
676 1943 682 1954 .
729 1893 744 1956 ὁ
774 1893 829 1976 γὰρ
860 1894 1017 1975 ἐπαγαγὼν
1054 1894 1128 1973 ὑμῖν
1159 1893 1191 1954 τὰ

174 1991 250 2052 κακὰ
274 1992 372 2068 ἐπάξει
394 1991 467 2072 δμῖν
490 1993 545 2071 τήν
568 1993 692 2054 αἰώνων
715 1992 908 2074 εὐφροσύνην
931 1991 1002 2072 μετὰ
1025 2002 1078 2072 τῆς
1100 2009 1191 2070 σωτη-

174 2091 240 2168 ρίας
262 2090 355 2169 ὑμῶν.

136 2207 162 2244 το
239 2184 321 2249 Ἐπεὶ
344 2182 400 2250 οὗν
422 2189 585 2268 άποκαμδον
609 2187 625 2249 δ
648 2190 737 2262 τάλας
759 2188 809 2249 καὶ
831 2187 1056 2267 πεπλανημένος
1079 2187 1190 2266 ἀνόητα

175 2292 311 2364 πολεμῶν
338 2287 387 2348 καί
414 2297 622 2365 ματαιοπονῶν
650 2286 701 2348 καλ
728 2287 805 2366 μάλα
832 2286 870 2364 δὴ
896 2285 1047 2367 ἀπογνοὺς
1075 2283 1116 2358 ὡς
1140 2295 1189 2347 τοῦ

175 2395 289 2446 σκοποῦ
308 2387 509 2466 διαμαρτήσας
529 2386 562 2447 ἐκ
580 2385 749 2468 διαμέτρου,
772 2384 898 2446 καὶτῶν
917 2385 1099 2465 πραγμάτων
1118 2384 1193 2467 αὐτῷ

175 2482 299 2544 κατόπιν
325 2484 482 2564 προδήλως
509 2483 682 2564 φερομένων
710 2481 805 2566 ἡμέρα
832 2481 881 2543 καὶ
904 2480 1013 2565 ἡμέρα,
1040 2482 1092 2542 καὶ
1118 2482 1189 2563 πρὸς

176 2580 289 2652 τούτοις
310 2581 429 2660 μαθών,
452 2579 492 2654 ὡς
511 2579 527 2641 ὁ
546 2581 683 2661 βασιλεὺς
701 2581 826 2661 Μιχαήλ
849 2581 917 2653 τοὺς
936 2580 1130 2660 Βονλγάρους
1151 2580 1191 2652 εἰς

175 2680 345 2757 συμμαχίαν
367 2672 432 2739 κατ’
453 2679 546 2740 αὐτοῦ
569 2678 811 2759 προσεκαλέσατο,
835 2688 1012 2759 παραχρῆμα
1032 2676 1088 2756 τήν
1107 2677 1192 2739 πόλιν

248 2892 262 2938 ι
282 2886 385 2940 Psalm.
403 2893 434 2940 ιο
450 2889 515 2956 (νο),
531 2892 559 2952 ι;
574 2892 598 2940 8.
619 2918 652 2925 -
674 2892 706 2940 13
725 2885 837 2940 Bamch
855 2892 881 2952 ι,
896 2890 944 2951 εσ;
959 2891 1006 2950 τις
1022 2889 1064 2937 ιο.

248 3073 261 3117 1
288 3066 396 3189 αῦιοῡχ
415 3065 509 3119 αὐτῶν
531 3072 645 3134 κάομαι
669 3066 726 3119 loco
747 3064 772 3116 A
801 3065 885 3118 altero
913 3063 969 3116 λοοο
995 3063 1078 3116 etiam
1101 3061 1133 3115 R.
1158 3093 1188 3100 -

177 3135 352 3206 Ηγεννήθν]
397 3137 480 3190 V.-
499 3143 515 3188 4
535 3135 751 3204 εῦφρανας-ό
770 3131 914 3204 ὁομφαίας
931 3150 982 3188 ουτ.
996 3132 1030 3186 N.
1046 3163 1080 3173 -
1100 3139 1116 3186 6
1135 3135 1188 3187 λοι-
1290 3159 1291 3180 3

175 3207 230 3261 πὸν
249 3222 299 3261 om.
315 3206 375 3262 GN.
396 3240 429 3248 -
449 3207 476 3262 ολ
495 3209 546 3277 μὲν
559 3208 584 3260 Α
608 3207 659 3277 μὲν
678 3225 728 3262 om.
742 3205 802 3261 rell.
824 3239 857 3246 —
877 3209 893 3258 8
911 3205 1189 3276 μεγαλυνθήσώμεθα

176 3278 237 3332 ΟΜ.
265 3309 298 3318 -·
328 3285 344 3331 9
369 3279 471 3334 ἔπεσαν
500 3277 549 3331 OD
559 3279 662 3332 Psalm.
690 3311 723 3318 —
753 3283 786 3332 10
810 3277 1020 3345 ἀνορθάθκχμεν
1043 3275 1129 3329 ALM.
1158 3307 1189 3314 -
1290 3287 1291 3342 ζ

177 3355 209 3400 12
234 3345 394 3414 ἀπεφίνατο
415 3349 442 3401 Α
468 3347 639 3416 ἀπεκρίνατο
666 3348 726 3402 rell.
752 3381 785 3388 -
815 3354 848 3401 13
870 3347 949 3414 παρὰ
971 3351 1044 3402 θεοῦ
1064 3346 1147 3400 AMV
1168 3353 1190 3401 εί

175 3433 245 3470 rece.
261 3417 377 3483 quidam
399 3418 478 3486 παρὰ
495 3427 545 3472 τοῦ
561 3423 632 3472 θεοῦ
650 3419 711 3474 rell.
722 3420 785 3472 Bar.
801 3451 834 3458 -
853 3418 920 3487 ἡμῖν
934 3417 986 3470 ΑΒ
999 3424 1024 3472 et
1037 3424 1068 3471 υλ
1081 3418 1137 3471 vid.
1154 3416 1188 3469 M.
1290 3425 1291 3436 ¹

177 3517 210 3605 d-
232 3487 359 3605 ·1⁶·('1³⁹²⁹
381 3487 417 3540 ιε
440 3488 495 3542 οπο
514 3488 547 3540 A.
572 3521 606 3528 -
631 3495 664 3542 ιι
683 3489 718 3543 τε
737 3507 787 3544 om.
806 3489 839 3542 A.
865 3521 898 3529 -
924 3494 957 3540 ω
976 3486 1102 3557 ἀνόνητα
1124 3487 1187 3541 Exn.

197 3570 212 3606 Θ
229 3572 285 3606 mel
307 3596 312 3605 .
