2617 3909
164 216 232 280 404
475 218 661 270 Γεοεοιοε
678 218 861 270 ιιοειιχοε

164 366 376 445 μετανάστασιν
402 364 452 426 καὶ
479 364 531 427 τόν
555 374 613 427 νῦν
635 365 818 445 ἐπικείμενον
844 366 945 440 αὐτοῖς
966 375 1019 445 τής
1042 366 1179 438 δουλείας

164 463 264 544 ζυγόν,
283 463 332 525 καὶ
350 464 405 543 τήν
424 463 600 545 περιβόητον
619 463 679 527 ὑπὸ
690 457 842 544 Ῥωμαίοις
858 465 1034 526 ταπείνωσιν
1048 462 1098 524 καλ
1112 464 1179 525 δια·

164 564 293 643 σποράν,
320 562 360 641 ήν
387 585 416 623 τε
444 571 501 623 νῦν
528 562 661 644 ἔχουσιν,
688 562 738 624 καί
765 561 805 642 ἣν
831 561 880 624 έπλ
902 568 1036 625 πλεῖστον
1059 560 1177 636 ἕξουσιν

165 654 322 744 (πείθομαι
345 660 400 743 γὰρ
423 667 486 734 ταῖς
508 660 574 741 περί
597 660 695 723 αὐτῶν
718 654 940 743 προρρήσεσιν),
963 661 1007 733 τίς
1029 659 1178 740 θρηνήσει

138 778 150 819 ι
165 758 238 839 πρὸς
260 757 347 831 ἀξίαν
365 768 424 820 τῶν
442 760 578 841 θρήνους
600 761 727 840 γράφειν
744 759 867 821 είδότονν
885 757 935 820 καὶ
953 758 1042 838 λόγον
1059 758 1178 832 έξισοῦν

164 856 270 932 πάθας
293 861 376 917 ποῖαι
399 858 497 937 βίβλοι
519 865 609 918 ταῦτα
627 866 787 938 χαροῦσιν;
812 857 865 935 μία
883 856 973 936 στήλη
992 857 1107 929 τούτοις
1124 865 1178 936 τῆς

163 964 321 1035 συμφορᾶς
348 950 367 1032 ή
396 953 554 1034 οἰκουμένη
582 964 677 1035 πᾶσα,
706 950 778 1015 καθ’
804 952 843 1033 ἣν
869 953 1054 1035 ἐσπάρησαν,
1083 952 1134 1014 καί
1157 950 1177 1033 ή

163 1052 280 1131 λατρεία
306 1050 480 1131 πεπαυμένη
512 1051 562 1113 καὶ
589 1052 681 1131 αὐτῆς
713 1062 765 1131 τής
788 1045 978 1133 Ἰερουσαλήμ
1004 1050 1037 1112 τὸ
1065 1051 1178 1130 ἔδαφος

163 1149 247 1229 μόλις
265 1150 493 1231 γινωσκόμενον,
512 1142 548 1229 ής
567 1160 709 1212 τοσοῦτον
725 1148 865 1230 ἐπιβατὸν
879 1148 980 1222 αὐτοῖς
994 1149 1054 1211 έστι
1072 1151 1178 1229 μόνον,

124 1268 150 1309 το
164 1245 213 1307 καὶ
241 1257 381 1310 τοσοῦτον
409 1246 593 1310 ἀπολαύουσι
619 1257 672 1327 τής
699 1269 767 1309 ποτε
796 1247 885 1326 δόξης
907 1246 1020 1327 αὐτῶν,
1050 1248 1122 1310 ὅσον
1145 1246 1177 1309 ἐν

238 1370 257 1405 α
305 1345 405 1409 ανέντε
444 1352 469 1406 θ
508 1356 598 1407 ν’σαι
620 1369 635 1405 τ
659 1344 711 1407 νέ
774 1346 830 1407 ίαν.

163 1342 259 1505 ἡμέλί)
280 1370 336 1507 {bv
357 1370 507 1523 Ἰώόηπάςη
521 1372 553 1505 έλι
568 1344 880 1524 Ἱερολισαλλήλιμπαρών
898 1450 937 1527 τῷ
952 1441 1071 1527 πολέμφ
1090 1442 1178 1504 συνέ-

161 1556 259 1622 γραψε
282 1541 428 1623 μυριάδας
450 1538 479 1601 τ’
502 1539 621 1622 ἀνδρῶν
643 1538 809 1602 ἀπολέσθαι
831 1541 908 1622 τότε,
935 1541 1005 1614 τοὺς
1028 1539 1082 1620 μέν
1105 1546 1180 1625 λιμῷ

163 1636 393 1720 διαφθαρέντας,
416 1638 485 1711 τοὺς
509 1636 540 1699 δέ
563 1633 615 1699 ὑπ’
637 1636 771 1717 ἀλλήλοιν
794 1637 827 1699 έν
849 1645 888 1722 τῷ
904 1644 1086 1723 συγκλεισμώ
1102 1637 1178 1701 ἀπο-

124 1756 149 1796 15
164 1735 343 1817 σφαγέντας,
367 1735 416 1797 καὶ
438 1736 508 1809 τοὺς
531 1734 585 1815 μέν
607 1734 667 1797 ὑπὸ
687 1728 837 1814 Ῥωμαίων
858 1734 1084 1816 ἀναιρεθέντας,
1107 1736 1178 1811 τοὺς

164 1832 196 1896 δέ
222 1833 282 1896 ὑπὸ
309 1835 404 1917 πυρὸς
431 1832 652 1915 τεφρωθέντας,
681 1833 750 1906 τοὺς
773 1831 805 1895 δὲ
828 1832 861 1894 έν
883 1832 963 1919 ἀκμή
987 1844 1039 1915 τῆς
1061 1832 1178 1912 ήλικίας

64 1962 103 2002 εοε
117 1960 146 1999 ιι,
162 1931 370 2010 ὑψηλοτάτους
397 1930 446 1993 καί
473 1932 571 1993 κάλλει
598 1932 732 2010 σώματος
760 1930 956 2012 διαφέροντας
978 1938 1018 2016 τῷ
1036 1932 1177 2016 θριάμβῳ

162 2028 194 2090 έν
213 2022 308 2114 Ῥώμη
331 2035 512 2109 πεμφθῆναι
530 2029 605 2111 πρὸς
623 2031 835 2111 θηριομαχίαν,
856 2039 909 2092 τοῦ
928 2028 960 2092 δὲ
978 2035 1084 2091 λοιποῦ
1102 2030 1178 2109 πλή-

163 2133 241 2201 θους
272 2127 342 2200 τοὺς
372 2124 446 2209 ὑπὲρ
480 2124 519 2201 ιζ’
546 2126 596 2206 έτη
628 2126 698 2199 τοὺς
730 2126 783 2206 μέν
816 2129 954 2207 δεσμίους
980 2128 1022 2201 εἰς
1049 2128 1084 2188 τὰ
1110 2124 1175 2189 κατ’

123 2245 150 2285 ιο
163 2226 318 2306 Αἴγυπτον
347 2225 417 2307 έργα
448 2231 722 2307 παραπεμφθήναι,
753 2225 823 2299 τοὺς
853 2224 884 2287 δὲ
911 2226 1030 2299 πλείους
1056 2226 1099 2298 εἰς
1125 2225 1179 2299 τὰς

163 2322 301 2403 ἐπαρχίας
329 2324 535 2402 διανεμεῖσθαι
562 2321 814 2403 φθαρησομένους
836 2322 868 2385 έν
891 2328 951 2396 τοῖς
974 2325 1110 2405 θεάτροις
1132 2341 1178 2384 σι-

163 2419 265 2500 δήροις
297 2419 346 2481 καί
378 2420 512 2503 θηρίοις,
544 2420 613 2495 τοὺς
642 2419 674 2483 δέ
701 2420 783 2494 ἐντὸς
810 2417 850 2494 ιζ’
877 2421 949 2483 έτών
976 2421 1178 2501 αἰχμαλώτους

235 2641 338 2705 12-μ.
354 2640 419 2704 405,
435 2642 450 2689 2
469 2634 569 2690 Euseb.
590 2636 663 2689 Hist.
685 2636 751 2691 eccl.
776 2636 827 2704 111,
848 2642 872 2705 7,
892 2643 907 2690 2
931 2655 945 2692 e
967 2638 1080 2706 Joseph.
1105 2637 1175 2692 Bell.

161 2706 209 2775 VI,
223 2711 275 2759 41⁵1
285 2724 339 2777 sqq.
359 2706 509 2776 (μυριάδας
526 2706 553 2761 τ’
572 2725 607 2763 ex
624 2707 690 2761 Eue.
705 2707 751 2775 ΙΠ,
767 2713 792 2775 5,
806 2712 842 2777 5).

235 2890 249 2938 1
274 2883 440 2953 μετάστασιν
464 2885 576 2939 ABFM.
602 2917 635 2926 -
662 2892 678 2940 5
702 2883 790 2955 λόγων
813 2885 944 2941 CNPRV
964 2885 1064 2957 λόγους
1084 2887 1116 2940 Α.
1142 2918 1176 2927 -

163 2996 179 3045 6
198 2990 279 3059 πάθη
296 2990 376 3045 codd.
388 2997 498 3060 praeter
515 2992 587 3046 BFL
607 2958 659 3062 (διά
676 3009 747 3048 rece.
761 2992 907 3061 plerique).
931 3025 966 3033 -
990 2998 1004 3046 *1
1024 2992 1176 3063 διεσπάρη-

163 3078 216 3117 σαν
234 3062 286 3115 LM
307 3062 356 3115 καί
374 3062 564 3133 διεσπάρησαν
583 3062 616 3118 D.
632 3096 666 3104 -
685 3070 701 3117 9
720 3059 765 3135 ής]
785 3060 828 3127 οἷς
845 3064 929 3118 BFR.
947 3096 980 3105 -
1000 3066 1096 3128 αὐτοῖς
1115 3063 1176 3118 έπι-

163 3133 249 3203 βαιὸν
271 3132 301 3186 L.
326 3164 359 3174 -
388 3131 521 3258 έπίβμτον
539 3134 589 3187 AR
612 3136 744 3207 ἐπιβατὸς
761 3135 794 3189 V.
819 3168 852 3175 -
881 3140 914 3189 16
938 3136 1011 3205 ἀγμῆ
1031 3135 1116 3189 CLM.
1141 3168 1175 3176 -

164 3209 197 3257 18
216 3204 246 3258 έν
257 3201 346 3276 Ῥώμη
364 3222 414 3259 om.
464 3206 496 3261 R.
519 3239 548 3246 —
570 3211 603 3259 20
622 3204 767 3270 πλείστους
780 3207 870 3261 AJos.
890 3208 947 3276 (sed
964 3202 1077 3270 πλείους
1094 3209 1177 3262 etiam

162 3274 343 3411 BHMG-{11}
351 3278 572 3346 διανενεμήσθαι
585 3278 680 3331 FEue.
695 3277 957 3347 διανεμηθήσεσθαι
965 3278 993 3331 L.
1006 3309 1038 3318 —
1050 3284 1083 3331 22
1099 3279 1177 3342 ἐντὸς

162 3355 218 3401 τῶν
238 3367 248 3400 ι
345 3390 350 3400 .

236 3530 267 3577 12
288 3524 517 3617 συνεγράψατοΡ
537 3527 574 3581 lit.
590 3543 603 3580 ε
618 3525 834 3615 σγνεγράψαιτο.
849 3556 884 3566 -
904 3531 936 3578 16
955 3524 988 3580 δέ
1001 3544 1032 3596 γε
1051 3526 1082 3579 ἐν
1096 3526 1125 3578 Ρ.
1143 3558 1176 3566 -

166 3598 198 3649 18
216 3598 397 3668 θηρομαγιαν
416 3598 444 3651 P.
462 3629 497 3638 -
517 3602 549 3650 22
568 3597 694 3667 θηριοις]
713 3595 846 3663 θεάτροις
863 3597 892 3649 Ρ.

21 3818 142 3863 λῖἶᾲ
