2617 3909
514 291 517 299 ι
547 259 736 314 XPONIKON
1079 260 1143 326 531

133 405 267 487 ἀριθμὸν
290 405 506 487 ὑπερβαίνοντα
527 406 560 468 ἐν
583 416 617 492 τῇ
641 410 716 492 θείᾳ·
738 418 839 494 γραφῇ
862 418 995 491 τῆςτῶν
1017 410 1146 472 ὑποστολ-

132 523 210 566 σεων
228 505 381 586 ’διαφορᾶς
403 504 459 566 είσι
481 506 691 587 παραστατικοί,
713 505 749 567 τὰ
771 505 804 568 δέ
826 501 854 588 γ’
876 506 979 582 ἑνικῶς
996 507 1146 590 ἐξενηνεγ-

135 601 210 681 μένα
232 611 285 682 τῆς
307 603 482 681 ταυτότητος
505 603 706 683 τῆςφύσεως.
742 603 778 665 τὰ
801 603 855 683 μὲν
876 604 1073 687 γδιρέἰρηται,
1097 607 1147 667 ἴνα

82 742 89 748 -
137 698 297 779 Σαβέλλιος
324 699 373 762 καί
393 696 534 763 Ἰουδαῖοι
556 701 816 783 ἐπιστομισθῶσιν,
843 701 879 764 τὰ
901 703 944 784 δέ,
967 704 1017 765 ἵνα
1031 699 1147 785 ’Ἄρειος

134 797 186 860 καί
208 797 360 878 Εὐνόμιος
386 797 437 860 καλ
456 794 598 878 Ἕλληνες
621 805 859 879 στηλιτευθῶσιν.
905 803 938 863 οί
959 802 1015 884 γὰρ
1038 803 1146 864 πλατύ·
1173 823 1186 864 σ

134 919 236 969 νοντες
264 895 318 975 μὲν
345 897 387 970 ει’ς
409 896 465 977 τὴν
487 895 575 978 ἁγίαν
598 898 703 979 τριάδα
725 896 777 959 τδν
799 909 858 960 τῶν
881 898 1036 978 ίδιοτήτων
1058 899 1147 981 ἀριθψ

136 993 203 1075 μόν,
222 993 424 1068 συστέλλοντες
442 993 474 1056 δέ
492 995 534 1068 εἰς
553 994 624 1075 μίαν
645 995 761 1076 οὐσίαν,
780 994 928 1077 ὀρθότατα
942 998 1148 1080 δογματίζουσι

133 1091 186 1153 καί
208 1099 272 1166 ταῖς
294 1101 353 1153 τῶν
376 1093 524 1173 οὐρανίων
547 1103 686 1173 χρησμῶν
708 1092 828 1155 ἕπονται
851 1095 1053 1168 διδασκαλίαις
1076 1096 1147 1177 μήτε

134 1190 182 1263 είς·
205 1193 371 1252 πολυθεΐοιν
398 1189 448 1251 διὰ
474 1189 529 1269 την
556 1199 609 1270 τῆς
636 1191 754 1268 φύσεως
778 1191 927 1273 διαφορὰν
950 1191 1147 1273 ἐκπίπτοντες,
1225 1235 1228 1241 ,

136 1288 208 1367 μήτε
235 1288 277 1361 είς
296 1283 482 1368 Ἰουδαϊσμδν
511 1287 561 1349 διὰ
583 1287 638 1367 την
661 1298 714 1348 τοῦ
736 1287 802 1362 ἐνὸς
824 1290 985 1370 προσώπου
1008 1291 1147 1352 σύστασιν
1162 1313 1188 1352 ιο
1240 1296 1243 1302 ’

136 1383 364 1459 ὀλισθαίνοντες.

206 1486 278 1556 Πῶς
301 1481 333 1544 δέ
355 1481 411 1545 οὐκ
434 1482 595 1566 ἐρυθριῶσι
612 1483 746 1562 κτίσματι
764 1475 1000 1566 προσκυνοῦντες
1017 1483 1149 1560 καλιαῖς

136 1580 250 1642 ἑαυτῶν
282 1579 440 1660 μαχόμενοι
472 1581 605 1660 ψήφοιςς
637 1580 869 1663 ἀπαγορεύοντες
900 1582 957 1666 γὰρ
983 1583 1015 1644 τὸ
1043 1583 1084 1664 μη
1111 1592 1148 1670 τῇ

136 1679 227 1739 κτίσει
245 1685 423 1761 προσκυνεῖν
443 1677 482 1752 ῶς
492 1673 666 1759 Ἑλληνικὸν
684 1679 769 1742 αὐτοὶ
786 1689 872 1743 τοῦτο
887 1683 1013 1764 δρῶντες
1026 1680 1149 1758 ἑαυτοὺς

136 1776 349 1837 λανθάνουσιν.
395 1776 449 1858 χρὴ
478 1774 510 1838 δέ
536 1776 699 1840 καὶτοῦτο
727 1777 851 1859 είδέναι,
881 1778 921 1854 δος
947 1778 1046 1851 οὔτὰ
1073 1779 1148 1842 αὐτὰ
1162 1800 1188 1841 ισ

136 1871 267 1951 ὀνόματα
284 1874 402 1948 πάντως
420 1874 470 1936 καί
488 1875 523 1935 τὰ
541 1875 616 1937 αὐτὰ
635 1876 741 1956 μηνύει
759 1877 923 1959 πράγματα,
946 1875 1014 1939 οὔτε
1031 1875 1051 1957 ἡ
1071 1875 1148 1956 δμω-

137 1972 228 2051 νυμία
260 1974 453 2052 συνωνυμίαν
484 1972 517 2034 ἐκ
548 1972 658 2047 παντὸς
685 1975 796 2056 τρόπου
823 1974 967 2054 ἐμφαίνει.
1020 1973 1067 2036 ἐπὶ
1095 1973 1148 2054 μὲν

136 2069 193 2151 γὰρ
215 2078 269 2130 τοῦ
292 2070 361 2130 υίοῶ
384 2071 493 2152 κυρίως
515 2069 625 2152 λέγεται
647 2069 668 2150 ἡ
690 2071 837 2153 γέννησις,
859 2071 908 2134 ἐπί
931 2070 964 2133 δὲ
988 2082 1048 2134 τῶν
1069 2090 1148 2133 κτισ-

137 2169 238 2246 μάτων
260 2178 509 2249 καταχρηστικῶς,
533 2163 577 2230 ἐπ’
599 2168 714 2230 ἐκείνου
737 2167 790 2248 μέν
813 2178 865 2249 τῆς
886 2168 1029 2248 ἀληθείας
1050 2168 1148 2231 ἕνεκεν

135 2265 185 2326 καὶ
213 2274 271 2342 τῆς
304 2262 545 2346 ὁμοουσιότητος,
577 2266 624 2328 ἐπί
656 2265 689 2327 δὲ
720 2267 832 2328 τούτων
864 2275 952 2347 τιμῆς
982 2268 1067 2347 χάριν
1098 2266 1148 2328 καί
1161 2287 1188 2328 ιο

136 2363 303 2437 υἱοθεσίας·
331 2363 493 2443 βουληθεὶς
520 2364 575 2446 γὰρ
603 2363 770 2442 ἀπεκύησεν
797 2360 875 2443 ἡμᾶς
897 2363 973 2451 λόγῳ
996 2362 1147 2444 ἀληθείας.

137 2460 179 2540 μὴ
196 2461 300 2522 τοίνυν
318 2458 337 2540 ἡ
358 2460 513 2543 ὁμωνυμία
531 2461 585 2540 τὴν
600 2458 760 2542 ,ὁμοτιμίαν
778 2461 910 2523 ἐνταῦθα
928 2461 1054 2544 τικτέτω,
1073 2461 1148 2543 μηδὲ

136 2557 174 2618 τδι
196 2568 431 2640 καταχρηστικῶς
451 2559 590 2641 εἰρημένα
608 2561 718 2640 κυρίως
735 2559 869 2640 λελέχθαι
887 2559 1063 2642 νομιζέσθω,
1085 2559 1147 2624 ἐπεὶ
1160 2574 1201 2615 4³⁶
1216 2574 1246 2612 11-

136 2654 187 2716 καὶ
210 2655 262 2717 τὸν
284 2655 386 2736 θυμὸν
408 2656 458 2717 καὶ
480 2657 535 2736 την
558 2654 651 2739 ὀργὴν
674 2655 724 2718 καί
745 2655 834 2718 τάλλα
856 2658 952 2719 πάντα
972 2659 1008 2720 τδι
1025 2669 1060 2744 τῇ
1079 2659 1148 2743 θείμ

137 2754 178 2832 μὴ
202 2751 351 2835 πρέποντα
374 2754 463 2833 φύσει
484 2764 719 2837 καταχρηστικῶς
742 2754 896 2837 λελεγμένα
918 2755 974 2818 οὐκ
996 2754 1034 2818 ἀν
1051 2781 1095 2831 τις
1115 2749 1148 2818 εὖ
1162 2779 1188 2821 ιι

210 2931 241 2978 21
261 2924 311 2995 Ep.
326 2925 386 2979 Jac.
401 2925 421 2992 Ι,
437 2931 478 2979 18.
519 2995 522 3000 y

210 3073 226 3120 2
244 3067 279 3121 τδι
298 3065 332 3122 δέ
348 3085 379 3137 γε
398 3065 496 3129 ἑνικῶς
512 3067 533 3120 1⁴¹
556 3067 591 3122 τδι
610 3067 641 3123 δὲ
660 3068 759 3132 ἑνικῶς
776 3086 848 3122 unus
867 3084 901 3123 ex
918 3084 987 3124 τοοο.
1009 3066 1044 3122 τδι
1058 3068 1090 3124 δὲ
1104 3076 1148 3138 γεὲ

136 3137 300 3206 υιιιῶςιεΙΙ.
324 3137 369 3208 (τὰ
393 3135 421 3193 δ’
438 3133 536 3202 ἑνικῶς
553 3139 638 3210 Isid.).
664 3171 696 3179 -
721 3139 973 3210 λέπιστομνθῶσιυ
992 3139 1013 3194 O
1035 3147 1060 3195 et
1076 3156 1147 3194 τετυ.

136 3209 265 3262 nonnulli
284 3209 565 3278 ἐπιστομηθῶσινΑΡ
575 3217 600 3266 et
610 3227 680 3266 rece.
691 3210 819 3302 plerique
838 3212 1102 3281 ἐπιστομωθῶσινΡ.
1113 3243 1147 3252 -

137 3284 153 3332 ‘1
174 3278 315 3349 ὀρθότητα
333 3280 396 3334 DR.
416 3313 451 3321 -
471 3286 503 3334 12
522 3279 650 3351 κτίσμασι
665 3281 715 3336 OD
734 3299 834 3352 κτισμα
851 3283 884 3337 R.
904 3315 937 3323 -
958 3289 990 3337 16
1010 3282 1108 3352 μηνίει
1125 3283 1147 3336 Ρ

136 3351 254 3420 μηκίνει
273 3351 351 3422 (-ηΒ
370 3371 424 3408 -ειν
438 3353 473 3422 Α)
491 3352 551 3408 rell,
567 3385 600 3393 -
621 3359 655 3407 24
674 3353 709 3407 τὰ
727 3353 796 3407 ἀλλα
814 3352 871 3408 ΑΕ.
891 3386 923 3394 -
942 3354 977 3408 τὰ
996 3371 1046 3410 om.
1060 3352 1146 3408 ΑΒΕ.

209 3467 406 3550 εωοισιαιοι
419 3492 645 3557 &mmmmm
658 3512 672 3550 e
686 3496 880 3566 ιιιωςιομιι.
897 3498 970 3552 λιιι
983 3495 1146 3552 maumam

139 3581 174 3618 m.
189 3569 209 3619 2
222 3581 277 3634 εχιτ.
292 3583 358 3621 vers.
374 3566 416 3628 ὡς.
433 3597 466 3606 -
486 3571 502 3618 9
522 3563 704 3635 ἐμιιίπτοντες
717 3566 745 3620 P.
761 3597 795 3608 -
814 3571 847 3620 10
860 3576 910 3622 τοῦ
923 3585 974 3623 σοι.
988 3567 1019 3622 Ρ.
1033 3598 1068 3608 -
1082 3566 1147 3620 σίν-

136 3653 218 3690 τασιν
237 3636 266 3690 Ρ.
286 3669 319 3677 -
340 3643 372 3690 21
393 3637 446 3708 γάρ
466 3654 551 3706 φησιν
570 3637 599 3690 Ρ.
