2617 3909
521 240 712 292 XPONIKON
1058 238 1125 304 685

108 388 153 460 είς
179 388 281 467 θήραν
311 394 374 461 τοῖς
401 385 524 450 ὀδοῦσιν
552 387 660 450 αὐτῶν.
706 385 726 467 ἡ
754 387 843 469 παγίς
870 389 1042 470 συνετρίβη,
1073 388 1124 451 καί

108 483 194 571 ἡμεῖς
213 485 409 568 έρρόσθημεν.
446 486 520 548 ὅθεν
536 479 594 548 οὖν
610 484 661 546 καὶ
679 486 711 553 οί,
726 495 989 568 προσαπαντῶντες
1008 486 1124 568 ἔχαιρον

108 581 235 666 άγγελοι,
259 585 368 646 δίκαιοι
389 584 624 664 κατησπάζοντο,
647 583 724 645 όσιοι
746 582 957 666 συνετέρποντο
980 582 1122 666 λέγοντες·

108 686 205 754 καλῶς
227 674 325 761 ἦλθον
348 682 380 743 οί
400 683 484 761 φίλοι
505 691 558 744 τοῦ
580 686 712 764 Χριστοῦ
739 681 790 743 καί
817 692 877 743 τῶν
899 682 1029 744 αἰωνίων
1051 681 1123 763 ἀγα-

107 785 176 840 θῶν
198 778 386 862 κληρονόμοι.
1151 799 1165 840 6

174 877 236 939 Καί
264 877 363 958 μέντοι
389 877 440 939 καί
469 876 485 939 δ
512 887 565 958 τῆς
591 878 748 958 θεολογίας
777 877 933 956 ἐπώνυμος
960 877 1124 960 Γρηγόριος

107 975 141 1037 ἐν
165 983 204 1060 τῷ
229 974 375 1062 ἐπιταφίῳ
403 985 455 1038 τοῦ
482 975 616 1055 ἀδελφοῦ
637 977 805 1058 Καισαρίον
833 977 951 1055 φάσκει·
979 978 1123 1055 πείθομαι

108 1083 214 1152 σοφῶν
237 1072 345 1155 λόγοις,
367 1074 412 1136 ότι
434 1084 515 1136 πᾶσα
536 1073 621 1155 ψυχὴ
643 1074 719 1152 καλή
743 1097 772 1135 τε
794 1074 845 1134 καὶ
866 1074 1022 1154 θεοφιλής,
1045 1074 1122 1136 ἐπει-

108 1171 165 1232 δάν
188 1180 242 1233 τοῦ
265 1171 481 1251 συνδεδεμένον
502 1176 629 1233 λυθεῖσα
651 1173 786 1252 σώματος
808 1169 931 1234 ἐνθένδε
959 1171 1122 1256 ἀπαλλαγῇ,

108 1269 203 1343 εόθός
226 1267 259 1330 έν
281 1270 477 1349 σνναισθήσει
499 1268 550 1332 καλ
577 1271 690 1354 θεωρίᾳ
712 1278 766 1331 τοῦ
789 1268 929 1349 μένοντος
952 1268 1047 1349 αὐτὴν
1069 1292 1122 1330 κα-
1137 1291 1164 1330 ιο

108 1372 163 1428 λοῦ
194 1366 353 1448 γενομένη,
385 1368 435 1429 ἅτε
467 1377 520 1429 τοῦ
552 1366 776 1440 έπισκοτοῦντος
807 1365 1072 1449 ἀνακαθαρθέντος
1101 1363 1122 1447 ἢ

108 1462 316 1544 άποτεθέντος,
338 1463 433 1545 ἢούκ
451 1459 509 1527 οἷδ’
530 1465 575 1528 ότι
591 1464 642 1526 καί
661 1464 755 1546 λέγειν
772 1466 838 1547 χρή,
860 1466 1035 1545 θαυμασίαν
1057 1463 1123 1526 τινὰ

108 1559 225 1641 ἡδονὴν
242 1561 344 1641 ἥδεται
363 1562 413 1624 καί
435 1562 588 1644 ἀγάλλεται
609 1563 660 1625 καί
683 1563 767 1636 ἵλεως
784 1569 875 1646 χωρεῖ
891 1562 967 1644 πρὸς
984 1562 1036 1624 τόν
1054 1562 1123 1624 έαυ-
1137 1586 1177 1626 ιω
1190 1585 1224 1624 τι.

107 1669 161 1740 τῆς
187 1660 333 1739 δεσπότην
362 1660 458 1742 ὥσπερ
486 1684 514 1722 τι
540 1660 741 1742 δεσμωτήριον
763 1660 889 1741 χαλεπὸν
916 1661 967 1723 τόν
989 1661 1122 1723 ἐνταῦθα

107 1758 176 1838 βίον
198 1756 398 1855 ἀποφυγοῦσα
420 1759 471 1821 καί
492 1758 545 1833 τὰς
565 1757 767 1842 περικειμένας
785 1756 1002 1838 άποσεισαμένη
1020 1757 1121 1838 πέδας,
1136 1779 1162 1821 ιε

107 1849 163 1933 ὑφ’
184 1847 227 1916 ὧν
254 1854 286 1917 τὸ
314 1865 367 1935 τῆς
389 1857 523 1930 διανοίας
545 1857 652 1940 πτερόν
679 1859 864 1937 καθείλκετο,
891 1856 942 1918 καί
969 1851 1034 1919 οίον
1060 1854 1122 1936 ἤδη

107 1960 143 2038 τῇ
167 1955 316 2038 φαντασίᾳ
337 1965 502 2035 καρποῦται
523 1955 579 2035 τὴν
601 1953 801 2034 ἀποκειμένην
823 1955 1030 2037 μακαριότητα.

169 2046 294 2131 Ὁμοίως
317 2050 350 2114 δέ
372 2052 422 2114 καί
445 2052 462 2115 δ
481 2051 571 2134 μέγας
586 2048 767 2126 Ἀθανάσιος
784 2051 817 2112 έν
835 2058 874 2136 τῷ
889 2053 945 2136 βίη)
962 2061 1015 2113 τοῦ
1034 2049 1121 2133 άγίον

105 2143 265 2210 Ἀντωνίου
288 2147 375 2230 λέγει·
403 2148 516 2230 μέλλων
537 2150 593 2232 γάρ
615 2172 685 2212 ποτε
709 2149 821 2212 ἐσθίειν
845 2148 861 2211 ὁ
884 2150 1035 2231 θεοφόρος
1055 2145 1121 2210 Ἀν-

107 2245 213 2318 τιόνιος
234 2245 363 2320 ἀναστὰς
385 2247 428 2321 είς
449 2247 617 2328 προσευχὴν
638 2246 706 2329 περί
729 2246 809 2328 ὥραν
832 2243 869 2307 θ’
887 2242 996 2334 ᾔσθετο
1015 2246 1121 2310 ἑαυτὸν
1135 2269 1163 2308 ιο

107 2341 274 2424 ἁρπαγέντα
295 2353 332 2428 τῇ
351 2345 480 2429 διανοίη,
501 2344 553 2407 καί
574 2345 749 2428 παραδόξως
772 2343 860 2418 ἑστὼς
878 2344 997 2425 ἔβλεπεν
1015 2343 1121 2406 ἑαυτὸν

107 2440 205 2521 ὥσπερ
223 2440 335 2516 ἔξωθεν
353 2441 461 2504 ἑαυτοῦ
478 2442 637 2523 γενόμενον
660 2441 710 2504 καλ
733 2439 774 2515 ὡς
794 2442 836 2516 είς
858 2442 910 2504 τὸν
932 2440 1004 2524 άέρα
1026 2444 1121 2522 ποδη-

107 2538 254 2620 γοόμενον
272 2537 332 2601 όπό
350 2563 451 2619 τινων,
473 2534 535 2602 είτα
552 2540 677 2622 πικροὺς
695 2538 745 2602 καλ
764 2540 881 2614 δεινούς
898 2563 980 2614 τινας
997 2539 1121 2614 ἑστῶτας

181 2743 267 2791 6-17
282 2737 396 2809 Gregor.
410 2737 479 2792 Nan.
490 2737 561 2794 Oai
576 2756 617 2809 ιγ.
628 2745 661 2793 21
681 2739 777 2812 Migne
787 2739 865 2794 Tom.
876 2743 919 2807 35,
929 2743 989 2793 781,
1013 2739 1120 2794 Eadem

107 2808 248 2878 excerpsit
261 2809 427 2864 Anastasius
447 2809 544 2864 Sinaii.
562 2809 674 2876 Quaen.
690 2817 723 2865 21
743 2811 840 2882 Migna
855 2809 931 2865 Tom.
947 2815 990 2876 89,
1005 2815 1065 2864 536.
1085 2841 1119 2850 -

107 2885 214 3006 ἓξὲξ-ορ
230 2885 292 2948 686,
305 2886 340 2935 20
358 2881 530 2936 Athanasius
545 2880 612 2936 Vita
625 2881 743 2936 Antonii
761 2899 802 2950 ιγ.
818 2885 852 2934 65
870 2880 967 2951 Migna
983 2881 1060 2936 Tom.
1076 2887 1121 2949 26,

178 3099 194 3146 2
214 3089 284 3148 ὅθεν
301 3093 394 3148 καλί
418 3094 550 3150 ἐντεῦθεν
573 3096 622 3150 καί
639 3095 672 3148 R.
698 3126 731 3136 -
756 3099 771 3148 7
793 3091 955 3162 καισαρείου
974 3091 1060 3147 CER.
1085 3125 1119 3134 —

107 3167 216 3236 9λυθῇ
235 3165 283 3218 ΑΒ
307 3165 431 3234 ηυακεΒ
455 3173 517 3221 ante
540 3165 658 3223 ἐνθένδε
681 3167 778 3221 inserit
795 3165 850 3220 καλ.
876 3197 909 3205 -
935 3171 966 3219 11
986 3163 1120 3235 γινομένη

107 3233 191 3290 GRV.
211 3267 245 3277 -
265 3235 484 3301 έπισκοποῦντος
501 3236 561 3292 BG.
576 3269 612 3278 -
630 3234 648 3306 ἢ
667 3235 857 3300 άποτεθέντος
873 3253 923 3292 om.
938 3237 1068 3290 BAnast.
1083 3269 1117 3277 —

107 3311 141 3360 23
155 3307 274 3375 πικροάς
286 3327 366 3372 τινας
379 3309 428 3362 καλ
441 3310 553 3371 δεινοὺς
566 3307 651 3363 ἐστΒ
666 3309 785 3377 πικροὺς
798 3309 847 3362 καὶ
861 3307 971 3372 δεινοὺς
985 3306 1037 3363 ἑστ.
1049 3307 1120 3364 ίδόιν

105 3397 185 3441 τινας
201 3378 228 3432 R
249 3399 328 3441 τινας
345 3396 395 3434 om.
410 3379 442 3433 Α.

177 3552 194 3599 4
211 3555 262 3601 τοῦ
276 3564 326 3602 om.
341 3548 371 3602 P.
387 3580 420 3590 -
438 3553 470 3602 18
487 3545 583 3622 ἁγίου]
597 3548 717 3620 μεγάλου
731 3548 760 3602 P.
775 3580 811 3589 —
831 3555 864 3604 19
879 3568 946 3604 ποτε
956 3553 1020 3618 post
1032 3564 1118 3616 προσ-

106 3616 191 3689 ενγήν
208 3635 232 3672 ο.
248 3623 282 3672 20
300 3622 353 3674 im.
367 3618 397 3673 P.
