2617 3909
195 203 258 266 798
287 215 292 224 ·
506 205 696 254 ΓυνΡιίον
716 205 901 255 ΜοαΑΧου

201 349 340 431 όίπειρον,
366 351 416 412 καὶ
439 348 459 430 ἡ
482 352 568 425 πόλις
590 351 709 430 ἐκαύθη
738 351 787 412 καὶ
810 353 1018 432 κατερυπόθη.
1067 352 1143 414 ἀλλὰ
1167 354 1221 432 μήν

104 463 142 502 102
156 462 187 502 u,
202 449 253 510 καλ
274 450 380 528 πλήθη
407 452 520 511 πλοίων
547 449 648 512 αὐτῶν
670 449 829 524 ἐξελθόντα
852 449 905 523 τὰς
928 452 1091 524 Κυκλάδας
1115 451 1222 531 νήσους

201 546 366 630 ήρήμωσαν
397 547 447 608 καὶ
474 549 530 626 τήν
558 547 681 628 Κρήτην
713 547 762 608 καλ
790 548 846 626 τήν
873 550 1013 610 Σικελίαν
1047 549 1220 630 παρέλαβον,

202 645 252 706 καλ
275 655 373 726 ψῦχος
396 644 428 707 δὲ
451 646 528 708 πολὺ
545 644 667 727 γίγονεν
689 644 872 727 ἀγριώτατον
890 645 941 708 καλ
960 647 1155 728 δριμύτατον,
1178 648 1220 708 καλ
1273 629 1276 766 ή

175 744 287 823 τλιμός
315 744 433 825 ίσχνρὸς
461 743 510 804 καὶ
537 742 623 824 ἀέρος
650 743 759 823 αὐχμοὶ
787 745 836 805 καλ
865 745 1040 826 δυσκρασίαι
1069 745 1120 806 καλ
1150 745 1220 807 ἄνο-

203 844 305 922 μαλίαι
336 841 385 902 καλ
419 842 533 921 σεισμοὶ
565 841 691 921 φοβεροί
722 842 772 903 καὶ
804 843 976 922 ἐπάλληλοι,
1010 843 1067 921 τὴν
1101 843 1220 926 ἄμετρον

202 939 412 1022 ἀπελίγχουσαι
443 949 497 1001 τοῦ
529 950 708 1021 κρατοῦντος
740 943 911 1024 μοχθηρίαν
948 941 998 1003 καί
1032 944 1219 1023 κακουργίαν.

202 1041 245 1111 εἰς
262 1039 410 1118 τοσαύτην
432 1039 488 1120 γὰρ
507 1037 689 1115 όιφιλοθείαν
712 1038 762 1099 καλ
781 1038 927 1100 ἀπόνοιαν
945 1039 1079 1114 ἐξώκειλε
1103 1039 1155 1101 καὶ
1172 1041 1220 1118 τήν
1277 1012 1278 1100 λ

203 1147 256 1199 τοῦ
274 1139 486 1217 Κοπρωνύμου
504 1136 632 1198 καὶτῶν
645 1139 852 1216 θηριωνύμων
871 1138 1000 1217 χαλεπήν
1018 1138 1068 1198 καλ
1089 1157 1219 1218 μυσαρω

163 1257 190 1297 ιο
203 1237 294 1315 τότην
321 1238 434 1317 αἵρεσιν
463 1235 674 1314 διαδεξάμενος
701 1234 751 1296 καλ
778 1234 996 1315 ἀναδεξάμενός
1019 1259 1048 1296 τε
1077 1235 1130 1297 καί
1154 1235 1220 1297 αἰνα-

203 1337 352 1414 καινίσας,
376 1333 416 1406 όος
441 1333 535 1413 μηδὲν
558 1327 647 1412 ήττον
671 1332 809 1412 όφθήναι
832 1343 884 1412 τής
907 1333 1029 1396 ἐκείνων
1054 1336 1221 1415 δυσσεβείας
1279 1388 1280 1424 η

203 1432 253 1493 καλ
280 1434 438 1512 παροινίας
466 1433 643 1514 τυραννίδος
671 1454 700 1493 τε
732 1430 782 1492 καὶ
809 1431 1025 1512 ἐμβροντησίας
1053 1430 1069 1492 ό
1095 1454 1221 1511 πεφενα-
1279 1425 1280 1470 3

203 1529 341 1609 κισμίνος
372 1529 423 1591 καί
457 1529 659 1611 ματαιόφρων.
710 1529 772 1591 ἐπεὶ
805 1522 861 1590 οὖν
893 1540 928 1614 τή
962 1531 1037 1614 αὐτῇ
1072 1529 1222 1611 συσχεθεὶς
1280 1576 1281 1624 η

203 1638 263 1688 τῶν
294 1627 411 1707 όισεβιῖον
448 1627 569 1689 ἐκείνων
600 1627 651 1688 καί
683 1629 878 1706 παλαμναίων
909 1627 1009 1712 ἀπάτη
1046 1627 1098 1690 καὶ
1133 1651 1222 1709 παρα-

165 1746 190 1787 ιε
203 1727 312 1809 πληξίμ
334 1749 363 1786 τε
392 1725 442 1786 καί
470 1727 660 1809 ολστρηλασίηι
687 1725 740 1787 τὸν
762 1725 794 1787 ἐκ
818 1730 1012 1806 Μανιχαϊκής
1041 1729 1152 1806 μανίας
1178 1725 1222 1786 καὶ
1281 1765 1282 1768 =

201 1818 385 1904 ’Λρειανικής
414 1825 524 1903 λύσσης
553 1822 728 1905 ὁρμώμενον
757 1824 848 1884 πύλαι
880 1824 1013 1904 διωγμὸν
1050 1824 1103 1886 καλ
1140 1825 1222 1896 αὐτὸς

106 1935 189 1976 10811-
204 1921 278 1982 κατόι
305 1931 357 2001 τῆς
384 1921 541 2000 ἐκκλησίας
564 1920 704 1995 ὡσαύτως
729 1921 947 2001 ἐπανετείνατο,
976 1923 1157 2003 συμμύστην
1177 1921 1218 1982 καὶ

205 2020 360 2100 σύμμαχόν
382 2043 412 2080 τε
441 2019 491 2080 καὶ
519 2022 678 2099 συνίστορα
704 2029 757 2098 τής
785 2019 922 2100 αἱρέσεως
948 2021 1023 2101 ἔχων
1051 2019 1067 2082 ὅ
1094 2023 1219 2102 δεύτερος

205 2117 389 2197 Νεκταναβὼ
408 2119 461 2180 τόν
478 2116 687 2198 προρρηθέντα
702 2113 823 2196 Ἰαννήν
845 2119 1041 2200 φατριύρχην,
1064 2116 1224 2197 μᾶλλονδὲ

165 2239 192 2278 οο
206 2217 388 2296 μαντιοίρχην
411 2215 461 2276 καὶ
484 2217 715 2297 δαιμονιόρχην,
743 2215 795 2276 τὸν
817 2215 887 2276 νέον
914 2214 1007 2288 όντως
1026 2210 1227 2278 Ἀπολλεόνιον

204 2312 373 2393 ήΒαλαὰμ
400 2313 432 2374 ἕν
460 2319 521 2386 τοῖς
549 2309 622 2375 καθ’
648 2311 727 2392 ήμᾶς
759 2313 876 2394 χρόνοις
907 2323 1007 2386 κακῶς
1034 2313 1228 2393 όιναφανὲντα

205 2412 417 2490 λεκανομολντιν
440 2412 489 2472 καὶ
513 2412 611 2490 πόσης
633 2418 816 2492 θεοστνμούς
843 2413 975 2490 πράξεως
1003 2411 1055 2472 καλ
1083 2414 1228 2492 τερατείας

279 2600 292 2645 1
312 2594 361 2647 ιιαλ
384 2593 644 2661 ή-κατερυπὼθη
668 2593 713 2646 hic
736 2608 785 2646 om.
806 2592 831 2643 A
854 2597 879 2645 et
902 2597 957 2645 v.3
979 2599 1043 2660 post
1065 2586 1228 2664 παρέλαβον

205 2667 258 2718 ins.
277 2696 310 2703 -
329 2665 378 2718 καλ
396 2664 585 2732 κατερνπώθη
604 2681 654 2717 om.
670 2663 707 2716 M.
725 2695 757 2702 —
776 2664 965 2732 κατερυπώθη
985 2661 1089 2734 (πύθη
1105 2663 1136 2734 G)
1150 2664 1228 2718 AcD

207 2737 406 2803 κατερρικόιθη
426 2735 452 2786 R
473 2736 659 2807 κατηριπώθη
680 2734 713 2788 V.
733 2766 767 2773 —
787 2733 856 2788 ἀλλὰ
874 2733 929 2802 μήν
948 2751 999 2788 om.
1014 2736 1039 2787 A
1058 2735 1114 2804 μὴν
1133 2753 1186 2791 om.
1204 2736 1228 2789 D

206 2807 261 2876 μὴν
280 2808 328 2860 καί
347 2824 397 2861 om.
413 2806 449 2858 Μ.
470 2839 503 2845 -
524 2812 540 2859 3
558 2806 609 2874 τήν
628 2812 692 2860 ante
712 2803 844 2860 Σικελίαν
862 2823 913 2860 om.
928 2806 960 2858 A.
981 2838 1016 2846 -
1035 2812 1052 2858 4
1071 2808 1103 2861 δὲ
1122 2825 1175 2861 om.
1196 2809 1228 2860 A.

207 2910 240 2918 -
261 2884 275 2930 ’λ
295 2874 457 2948 μοχθηρίαν
476 2897 504 2931 τε
519 2878 568 2930 καλ
581 2877 616 2931 Ν,
632 2909 667 2916 -
688 2882 721 2931 10
741 2878 789 2930 καλ
808 2877 1017 2946 ἀναδεξόμενος
1034 2895 1083 2932 om.
1100 2879 1152 2931 LN
1162 2879 1229 2931 Exc.

206 2951 242 3003 de
260 2949 322 3002 virt.
339 2981 372 2988 -—
394 2956 425 3003 11
447 2949 516 3017 μηδὲ
530 2948 564 3001 N.
583 2981 617 2988 —
638 2954 725 3002 1516
743 2947 1045 3018 τὸν-ὁρμώμενονΙι
1068 2958 1170 3004 τῶν-
1182 2951 1230 3017 ὁρ-

207 3022 378 3090 μώμενονΑ
401 3019 680 3089 τῶι-ὁρμωμένων
703 3019 762 3074 rell.
778 3019 844 3074 Em.
868 3023 911 3087 (ιίι
935 3021 1033 3089 ηαιῖιαε
1057 3019 1230 3090 ὁρμωμένων

207 3109 240 3145 m.
257 3097 273 3145 1
292 3110 325 3146 ιιι
345 3091 504 3160 ὁρμώμενος
521 3096 611 3158 τοτα).
628 3123 661 3131 -
679 3097 710 3144 17
732 3088 922 3146 ἐπανετείνετο
936 3091 1083 3164 ῩΕτο.,-
1107 3097 1139 3145 18
1159 3093 1230 3162 σύμ-

207 3163 297 3233 μαχόν
315 3183 344 3217 τε
363 3164 412 3217 καλ
426 3162 478 3216 CN
500 3180 594 3230 συμμα
613 3170 701 3216 οῦντα
719 3163 768 3215 καλ
782 3162 807 3214 Α
826 3164 971 3234 σύμμαχον
990 3164 1038 3216 καλ
1051 3163 1100 3216 LV
1110 3163 1175 3217 Exc.
1193 3196 1228 3226 -,

207 3241 256 3302 τῆς
270 3233 400 3299 αἱρέσεως
415 3234 485 3306 ἔχων
495 3234 572 3286 ADL
603 3251 645 3287 xc.
668 3233 738 3303 ἔχων
751 3241 802 3302 τῆς
815 3233 947 3301 αἱρέσεως
960 3234 1019 3288 rell.
1033 3268 1062 3274 —
1082 3240 1113 3288 19
1127 3253 1229 3289 νεκτα-

208 3307 285 3375 ναβῶ
300 3305 325 3355 Α
343 3307 518 3375 νεκταναβώι
532 3305 597 3358 Exo.
617 3325 735 3359 νεκτενα
753 3306 775 3358 ὼ
790 3305 841 3358 RV
864 3325 998 3359 νεκτεννα
1057 3306 1078 3359 L
1101 3308 1229 3379 κεκταβὼ

208 3379 253 3440 (ᾖῶ
273 3374 339 3441 GM)
358 3374 418 3426 GN.
436 3407 471 3414 -
488 3373 670 3443 προρηθίντα
685 3307 770 3428 Αῑιόί.
792 3409 825 3416 -
846 3377 948 3444 ίαννὴν
967 3308 1044 3430 OE}
1062 3377 1189 3448 ίωοίνυην
1203 3377 1229 3430 V

208 3443 273 3495 Exc.
299 3444 424 3510 ίωάννην
446 3449 549 3511 μᾶλλον
573 3447 603 3500 δὲ
628 3446 730 3514 ίαννήν
754 3447 785 3500 R.
816 3479 849 3486 -
880 3453 913 3500 20
932 3448 1106 3518 μαντιόρχην
1124 3449 1228 3502 AExc.

210 3513 401 3580 μαντριοίρχην
415 3514 463 3564 LN
482 3518 656 3587 ματριολρχην
672 3516 717 3568 CV
737 3517 932 3590 μανδριοίρχην
952 3519 982 3570 R.
1004 3551 1037 3558 -
1057 3525 1090 3572 22
1110 3524 1229 3574 λειαινο-

211 3581 311 3645 μοίντιν
330 3581 395 3633 Exc.
419 3586 628 3654 λεκανομάντην
648 3588 728 3639 codd.
