2617 3909
520 235 710 286 XPONIKON
1061 233 1124 298 661
1233 247 1235 250 ·

87 382 163 444 ,ἕνα
184 382 334 464 γινώσκω,
362 381 442 455 ὅστις
468 381 526 462 πρὸ
554 391 661 462 καιροῦ
688 377 838 461 πεμφθείς
865 381 898 443 έκ
926 391 979 443 τοῦ
1002 393 1127 464 στρατοῦ

106 479 242 561 ἀντέλεγε
264 487 304 564 τῷ
323 480 421 560 κράτει
445 497 508 541 σον.
550 479 600 540 καί
623 477 639 539 6
662 480 800 560 βασιλεὺς
822 474 915 542 είπεν·
939 481 1028 554 ποίας
1049 479 1142 542 ἐστίν’

106 577 210 653 έξεως;
234 577 250 640 6
274 575 306 638 δὲ
327 576 506 650 Φιλιππικάς
528 575 616 658 λέγει·
639 578 790 660 νεώτερος,
813 577 907 652 δειλὸς
930 577 979 638 καί
1002 579 1126 659 θρασύς.

105 675 159 736 καί
186 673 204 736 6
231 676 368 755 βασιλεύς
391 690 498 754 φησιν·
521 675 550 736 εί
570 674 679 754 δειλός,
706 675 757 736 καί
784 677 903 754 φονεύς.
949 674 999 736 καί
1021 676 1127 757 ἐξηγή-

107 793 180 836 σατο
202 773 283 858 αύτῷ
301 772 335 834 τὸ
357 772 509 835 ένύπνιον.
550 773 583 834 έν
605 772 681 858 αύτή
702 771 734 834 δέ
756 781 791 858 τῆ
810 772 895 835 νυκτί
918 772 1016 853 έφάνη
1034 772 1127 856 άστῆρ
1154 795 1166 836 ι

80 858 81 861 ¹
107 871 248 952 κομήτης.
298 870 350 932 καί
380 879 416 955 τῇ
445 870 589 951 ἐπαύριον
620 871 756 949 ἔφθασεν
788 870 804 934 6
836 870 1009 946 ἀποσταλείς
1041 896 1127 953 μαγι-

106 969 245 1051 στριανὸς
277 968 379 1050 φέρων
410 966 568 1049 άπύιιρισιν
599 968 752 1048 τοιαύτην·
790 971 929 1050 γίνωσκε,
962 971 1071 1050 φησίν,
1103 963 1127 1030 ὦ

107 1070 246 1148 βασιλεύ,
274 1067 320 1128 ὅτι
342 1067 499 1146 δεξάμενος
522 1063 538 1126 6
561 1065 634 1140 θεὸς
655 1066 712 1146 τήν
735 1067 893 1146 μετάνοιάν
916 1084 971 1128 σον
994 1067 1050 1146 τῆν
1073 1065 1126 1146 μέν

108 1164 214 1246 ψυχήν
237 1183 292 1226 σον
314 1165 447 1237 διασώζει
468 1162 519 1224 καί
542 1163 690 1242 μετὰτῶν
708 1161 801 1245 άγίων
824 1165 1000 1244 κατατάττει,
1024 1167 1076 1244 Ιτῆς
1094 1163 1126 1226 δὲ

107 1264 259 1344 βασιλείας
280 1260 332 1322 καὶ
353 1270 406 1340 τῆς
428 1261 582 1344 παρούσης
603 1263 680 1340 ζωῆς
699 1260 769 1340 μετά
790 1267 901 1341 πολλῆς
924 1263 1058 1339 θλίψεως
1076 1261 1126 1322 καί
1140 1284 1166 1324 10
1182 1285 1221 1326 559
1228 1285 1258 1324 M.

105 1360 268 1422 κινδύνων.
284 1359 438 1432 έκπίπτεις.
484 1359 558 1440 άπερ
583 1357 714 1432 άιιούσας
737 1360 911 1440 Μαυρίκιος
934 1358 1051 1434 έδόξασε
1075 1359 1127 1420 τὸν

20 1485 24 1490 ·
106 1457 185 1520 θεὸν
208 1457 347 1538 μεγάλως.

180 1559 241 1634 Τῆς
267 1556 370 1615 τοίνυν
397 1563 598 1634 μετοπωρινῆς
625 1553 704 1635 ὥρας
731 1555 968 1636 καταλαβούσης,
995 1554 1046 1616 καί
1072 1563 1126 1617 τοῦ
1201 1575 1202 1578 ’

107 1650 252 1732 βασιλέως
270 1652 487 1731 προστάξαντος
505 1649 608 1735 Πέτρῳ
625 1659 665 1736 τῷ
681 1659 831 1736 στρατηγῷ
845 1652 878 1714 έν
896 1661 931 1737 τῆ
950 1663 1010 1714 τῶν
1028 1654 1126 1714 Σκλά-

107 1752 174 1830 βων
205 1750 285 1834 χάρη
317 1748 368 1810 τὸν
400 1747 472 1810 λαὸν
504 1750 732 1831 παραχειμάσαι,
766 1749 902 1812 άντεῑπεν
933 1749 950 1812 6
982 1751 1052 1824 λαὸς
1084 1751 1124 1831 μή
1141 1772 1165 1813 15

106 1847 339 1928 καταδεχόμενος
362 1857 456 1908 τοῦτο.
501 1847 576 1908 ὅθεν
598 1849 631 1908 οί
650 1847 789 1927 ἐπίσημοι
811 1857 871 1909 τῶν
893 1847 1043 1930 ἀρχόντων
1066 1873 1126 1928 φν-

108 1943 220 2026 γόντες,
246 1944 296 2006 καὶ
317 1945 360 2018 εἰς
377 1946 416 2006 ἓν
443 1944 478 2005 τά
500 1945 605 2024 πλήθη
629 1944 889 2026 συναθροισθέντα
911 1947 1126 2026 προβάλλονται

106 2043 152 2116 είς
178 2043 211 2105 τὸ
238 2044 404 2123 βασιλεύειν
429 2042 531 2116 αὐτοῖς
556 2047 667 2104 Φωκᾶν
690 2041 741 2103 τὸν
765 2043 971 2124 στρατηλάτην.
1017 2051 1070 2104 τοῦ
1093 2042 1125 2104 δέ

107 2140 226 2222 Πέτρον
254 2138 302 2201 καὶ
330 2149 390 2200 τῶν
416 2145 530 2200 λοιπῶν
556 2138 707 2220 ἀρχόντων
729 2138 762 2200 έν
789 2147 824 2223 τῆ
852 2139 935 2200 πόλει
961 2161 1125 2221 παραγενο-

109 2236 217 2317 μένων,
241 2237 414 2318 Μανρίκιος
436 2235 468 2297 τὸ
491 2232 555 2296 κατ’
576 2235 670 2297 αὐτοῦ
694 2241 778 2314 μῖσος
805 2246 864 2297 τῶν
888 2240 1017 2297 πολιτῶν
1039 2236 1125 2311 εἰδὼς
1140 2259 1166 2298 ιο

150 2439 287 2560 2ὃηθῖβθ
305 2434 340 2500 ef.
355 2433 479 2501 Theoph.
490 2451 520 2503 p.
536 2438 597 2500 286,
613 2439 654 2487 14.
670 2465 705 2473 —
725 2437 829 2502 18—p.
846 2437 933 2502 662‚8
947 2435 981 2500 cf.
998 2433 1123 2504 Theoph.

103 2523 135 2576 p.
204 2549 212 2574 ‚
264 2548 269 2560 .

180 2663 196 2709 2
216 2651 306 2727 εἶπεν]
326 2656 380 2726 ἔφη
400 2655 421 2708 Ρ
440 2662 465 2711 et
481 2671 552 2709 τοοο.
571 2655 707 2710 nonnulli.
732 2687 766 2696 -
791 2661 807 2710 5
826 2655 857 2710 δὲ
876 2672 926 2710 om.
941 2656 989 2709 AB
999 2655 1064 2710 Exc.
1089 2687 1124 2696 —

109 2736 124 2781 7
144 2722 165 2782 ὦ
180 2744 230 2783 om.
245 2727 268 2780 B
289 2727 375 2796 φησίν
389 2723 410 2780 ὦ
424 2744 475 2782 om.
490 2725 555 2781 Exn.
571 2757 604 2766 —
625 2732 659 2779 10
675 2726 743 2796 μετὰ
757 2730 866 2782 πολλῶν
879 2723 1008 2797 θλίψεων
1023 2727 1122 2782 RExo.

109 2831 143 2840 -
163 2806 195 2853 13
214 2805 405 2868 μετοπωρινῆς
423 2800 561 2868 (μετοπορ.
583 2796 603 2852 G
625 2817 767 2868 μετωπωρ.
786 2798 820 2867 R)
839 2797 942 2852 BOPR
964 2802 1124 2868 μεθοιτωρι-

108 2877 160 2940 νῆς
177 2872 324 2939 (μεθοπορ.
339 2867 404 2939 ΕΝ)
420 2867 556 2923 εε11.Εκο.
572 2901 605 2910 -
626 2875 659 2923 18
679 2869 771 2924 αὐτῶν
786 2867 887 2924 VExc.
912 2870 1007 2932 αὐτοῖς
1026 2885 1076 2924 om.
1091 2869 1122 2924 B.

107 2975 142 2983 —
163 2948 196 2995 19
216 2941 246 2996 έν
265 2948 298 3012 τῇ
316 2939 395 2995 πόλει
413 2957 463 2996 om.
479 2939 579 2996 AExe.
599 2973 632 2980 —
651 2939 891 3011 παραγεναμένων
910 2939 968 2993 AR.

178 3116 196 3163 4
214 3109 230 3166 6
249 3110 388 3182 βασιλεύς]
408 3109 423 3164 ὁ
442 3107 589 3179 μανρίκιος
604 3110 634 3163 Ρ.
653 3141 689 3150 -
708 3110 756 3164 καί
780 3108 983 3179 ἐξηγησάμενος
1001 3109 1077 3182 αύτῷ
1090 3109 1122 3164 τὸ

108 3181 204 3236 ένύπν.
220 3181 308 3244 εύθύς
327 3180 357 3235 ἐν
377 3182 448 3252 αύτῆ
465 3189 499 3252 τῆ
519 3183 598 3236 νυκτί
615 3181 646 3234 Ρ.
665 3213 698 3222 -
718 3187 734 3234 6
753 3179 952 3251 μαγιστριανδς
970 3180 1041 3247 πρὸς
1057 3181 1123 3243 τούς

109 3252 139 3306 ἐν
161 3260 195 3323 τῆ
219 3252 311 3324 ἐρήμῳ
333 3251 458 3321 πατέρας
480 3251 575 3320 φέρων
597 3251 754 3320 PTheoph.
779 3283 812 3292 -
842 3256 856 3304 ί
880 3250 1026 3322 τοιαύτην]
1050 3249 1118 3320 παρ’

107 3324 200 3377 αὐτῶν
214 3321 302 3385 οὕτως
311 3323 333 3377 Ρ
343 3320 423 3392 (παρ’
435 3323 528 3378 αύτῶν
541 3322 642 3390 άπύιιρ.
656 3322 790 3392 τοιαύτην
801 3323 944 3392 Theoph.).
955 3353 989 3362 -—
1004 3328 1020 3375 9
1033 3320 1121 3393 άγίων

109 3412 138 3449 σε
156 3393 321 3449 κατατάττει
340 3394 497 3463 P'I'heoph.
522 3427 556 3434 -
581 3400 614 3449 13
632 3401 683 3448 τού
702 3393 846 3466 βασιλέως]
869 3391 1020 3463 μαοριιιίον
1037 3393 1067 3447 P.
1088 3423 1122 3434 -

109 3471 143 3518 16
160 3471 242 3519 τοῦτο
259 3466 310 3519 καί
324 3463 491 3520 ’ἐστασίασεν
508 3465 531 3518 Ρ
550 3466 609 3535 (καί
627 3465 725 3520 στάσιν
744 3463 907 3535 ἐμελέτησαν
922 3464 1067 3533 Theoph.).
1088 3495 1121 3504 -

109 3539 213 3589 17-18
231 3536 438 3608 προβάλλονται
455 3536 579 3607 άργοντα
602 3545 704 3605 φωνάν
724 3537 773 3592 τὸν
793 3533 945 3606 κίνταρχον
963 3535 1120 3604 ΡΤλιοορλε.

108 3637 142 3646 -
162 3611 197 3658 20
215 3607 296 3670 εἰδὼς
314 3606 426 3678 ἀπέγνω
444 3609 494 3661 καί
512 3607 547 3678 δὴ
566 3607 702 3678 μεσούσης
719 3608 749 3661 P.
