<?xml version="1.0" encoding="UTF-8"?>
<!DOCTYPE html PUBLIC "-//W3C//DTD XHTML 1.0 Transitional//EN"
    "http://www.w3.org/TR/xhtml1/DTD/xhtml1-transitional.dtd">
<html xmlns="http://www.w3.org/1999/xhtml" xml:lang="en" lang="en">
 <head>
  <title>
</title>
<meta http-equiv="Content-Type" content="text/html;charset=utf-8" />
  <meta name='ocr-system' content='tesseract 3.04.00' />
  <meta name='ocr-capabilities' content='ocr_page ocr_carea ocr_par ocr_line ocrx_word'/>
</head>
<body>
  <div class='ocr_page' id='page_1' title='image "./georgiimonachic00boorgoog_0071.png"; bbox 0 0 2617 3909; ppageno 0'>
   <div class='ocr_carea' id='block_1_1' title="bbox 524 239 1133 301">
    <p class='ocr_par' dir='ltr' id='par_1_1' title="bbox 524 239 1133 301">
     <span class='ocr_line' id='line_1_1' title="bbox 524 239 1133 301; baseline -0.005 -9"><span class='ocrx_word' id='word_1_1' title='bbox 524 242 714 292; x_wconf 84' lang='lat' dir='ltr'><strong>XPONIKON</strong></span> <span class='ocrx_word' id='word_1_2' title='bbox 1058 239 1133 301; x_wconf 74' lang='grc'><strong>447·</strong></span> 
     </span>
    </p>
   </div>
   <div class='ocr_carea' id='block_1_2' title="bbox 431 420 805 505">
    <p class='ocr_par' dir='ltr' id='par_1_2' title="bbox 431 420 805 505">
     <span class='ocr_line' id='line_1_2' title="bbox 431 420 805 505; baseline -0.005 -20"><span class='ocrx_word' id='word_1_3' title='bbox 431 420 497 505; x_wconf 83' lang='grc' dir='ltr'><strong><em>[ιγ’.</em></strong></span> <span class='ocrx_word' id='word_1_4' title='bbox 530 423 617 505; x_wconf 80' lang='grc' dir='ltr'><strong><em>Περὶ</em></strong></span> <span class='ocrx_word' id='word_1_5' title='bbox 641 424 805 504; x_wconf 69' lang='grc' dir='ltr'><strong><em>Νερούα]</em></strong></span> 
     </span>
    </p>
   </div>
   <div class='ocr_carea' id='block_1_3' title="bbox 98 545 1222 2685">
    <p class='ocr_par' dir='ltr' id='par_1_3' title="bbox 98 545 1222 2489">
     <span class='ocr_line' id='line_1_3' title="bbox 177 545 1123 630; baseline -0.004 -19"><span class='ocrx_word' id='word_1_6' title='bbox 177 549 265 611; x_wconf 84' lang='grc' dir='ltr'><strong><em>Μετύι</em></strong></span> <span class='ocrx_word' id='word_1_7' title='bbox 293 548 325 611; x_wconf 79' lang='grc' dir='ltr'><strong><em>δέ</em></strong></span> <span class='ocrx_word' id='word_1_8' title='bbox 352 548 536 630; x_wconf 81' lang='grc' dir='ltr'><strong><em>Δομετιανὸν</em></strong></span> <span class='ocrx_word' id='word_1_9' title='bbox 563 549 730 629; x_wconf 81' lang='grc' dir='ltr'><strong><em>ἐβασίλευσε</em></strong></span> <span class='ocrx_word' id='word_1_10' title='bbox 754 549 891 629; x_wconf 90' lang='grc' dir='ltr'><strong><em>Νερούας</em></strong></span> <span class='ocrx_word' id='word_1_11' title='bbox 918 548 981 621; x_wconf 77' lang='grc' dir='ltr'><strong><em>ἔτος</em></strong></span> <span class='ocrx_word' id='word_1_12' title='bbox 1004 547 1044 609; x_wconf 81' lang='grc' dir='ltr'><strong><em>έν.</em></strong></span> <span class='ocrx_word' id='word_1_13' title='bbox 1090 545 1123 621; x_wconf 79' lang='grc' dir='ltr'><strong><em>ὃς</em></strong></span> 
     </span>
     <span class='ocr_line' id='line_1_4' title="bbox 103 644 1222 727; baseline -0.007 -16"><span class='ocrx_word' id='word_1_14' title='bbox 103 648 365 727; x_wconf 79' lang='grc' dir='ltr'><strong><em>ἀνακαλεσάμενος</em></strong></span> <span class='ocrx_word' id='word_1_15' title='bbox 384 644 527 727; x_wconf 77' lang='grc' dir='ltr'><strong><em>Ἰωάννην</em></strong></span> <span class='ocrx_word' id='word_1_16' title='bbox 555 646 587 708; x_wconf 86' lang='grc' dir='ltr'><strong><em>έκ</em></strong></span> <span class='ocrx_word' id='word_1_17' title='bbox 613 655 666 725; x_wconf 86' lang='grc' dir='ltr'><strong><em>τής</em></strong></span> <span class='ocrx_word' id='word_1_18' title='bbox 691 646 786 724; x_wconf 80' lang='grc' dir='ltr'><strong><em>νήσου</em></strong></span> <span class='ocrx_word' id='word_1_19' title='bbox 808 644 952 707; x_wconf 82' lang='grc' dir='ltr'><strong><em>ἀπέλυσεν</em></strong></span> <span class='ocrx_word' id='word_1_20' title='bbox 975 646 1067 707; x_wconf 78' lang='grc' dir='ltr'><strong><em>οἰκεῖν</em></strong></span> <span class='ocrx_word' id='word_1_21' title='bbox 1090 645 1122 706; x_wconf 82' lang='grc' dir='ltr'><strong><em>έν</em></strong></span> <span class='ocrx_word' id='word_1_22' title='bbox 1136 668 1176 707; x_wconf 80' lang='grc' dir='ltr'><strong><em>ωε</em></strong></span> <span class='ocrx_word' id='word_1_23' title='bbox 1191 666 1222 704; x_wconf 83' lang='lat'><strong><em>55.</em></strong></span> 
     </span>
     <span class='ocr_line' id='line_1_5' title="bbox 98 740 1125 831; baseline -0.005 -22"><span class='ocrx_word' id='word_1_24' title='bbox 98 745 233 831; x_wconf 89' lang='grc' dir='ltr'><strong><em>Ἐφέσῳ.</em></strong></span> <span class='ocrx_word' id='word_1_25' title='bbox 280 745 371 825; x_wconf 83' lang='grc' dir='ltr'><strong><em>μόνος</em></strong></span> <span class='ocrx_word' id='word_1_26' title='bbox 397 747 461 808; x_wconf 90' lang='grc' dir='ltr'><strong><em>τότε</em></strong></span> <span class='ocrx_word' id='word_1_27' title='bbox 484 744 594 826; x_wconf 88' lang='grc' dir='ltr'><strong><em>περιὼν</em></strong></span> <span class='ocrx_word' id='word_1_28' title='bbox 616 746 655 827; x_wconf 80' lang='grc' dir='ltr'><strong><em>τῷ</em></strong></span> <span class='ocrx_word' id='word_1_29' title='bbox 680 746 736 829; x_wconf 87' lang='grc' dir='ltr'><strong><em>βίῳ</em></strong></span> <span class='ocrx_word' id='word_1_30' title='bbox 764 742 796 804; x_wconf 87' lang='grc' dir='ltr'><strong><em>έκ</em></strong></span> <span class='ocrx_word' id='word_1_31' title='bbox 823 754 882 805; x_wconf 85' lang='grc' dir='ltr'><strong><em>τῶν</em></strong></span> <span class='ocrx_word' id='word_1_32' title='bbox 908 740 953 824; x_wconf 83' lang='grc' dir='ltr'><strong><em>ιβ’</em></strong></span> <span class='ocrx_word' id='word_1_33' title='bbox 981 750 1125 825; x_wconf 77' lang='grc' dir='ltr'><strong><em>μαθητῶν</em></strong></span> 
     </span>
     <span class='ocr_line' id='line_1_6' title="bbox 102 838 1165 925; baseline -0.002 -20"><span class='ocrx_word' id='word_1_34' title='bbox 102 844 159 907; x_wconf 82' lang='grc' dir='ltr'><strong><em>καὶ</em></strong></span> <span class='ocrx_word' id='word_1_35' title='bbox 193 843 440 925; x_wconf 79' lang='grc' dir='ltr'><strong><em>συγγραψάμενος</em></strong></span> <span class='ocrx_word' id='word_1_36' title='bbox 471 843 503 905; x_wconf 86' lang='grc' dir='ltr'><strong><em>τό</em></strong></span> <span class='ocrx_word' id='word_1_37' title='bbox 540 838 603 904; x_wconf 90' lang='grc' dir='ltr'><strong><em>κατ’</em></strong></span> <span class='ocrx_word' id='word_1_38' title='bbox 633 842 725 905; x_wconf 79' lang='grc' dir='ltr'><strong><em>αὐτὸν</em></strong></span> <span class='ocrx_word' id='word_1_39' title='bbox 757 841 925 923; x_wconf 90' lang='grc' dir='ltr'><strong><em>εύαγγέλιον</em></strong></span> <span class='ocrx_word' id='word_1_40' title='bbox 957 840 989 903; x_wconf 84' lang='grc' dir='ltr'><strong><em>έν</em></strong></span> <span class='ocrx_word' id='word_1_41' title='bbox 1020 842 1124 925; x_wconf 86' lang='grc' dir='ltr'><strong><em>εἰρήνη</em></strong></span> <span class='ocrx_word' id='word_1_42' title='bbox 1152 863 1165 903; x_wconf 80' lang='lat'><strong><em>5</em></strong></span> 
     </span>
     <span class='ocr_line' id='line_1_7' title="bbox 102 934 1125 1024; baseline -0.004 -20"><span class='ocrx_word' id='word_1_43' title='bbox 102 942 307 1004; x_wconf 79' lang='grc' dir='ltr'><strong><em>ἀνεπαύσατο.</em></strong></span> <span class='ocrx_word' id='word_1_44' title='bbox 352 940 418 1024; x_wconf 84' lang='grc' dir='ltr'><strong><em>περὶ</em></strong></span> <span class='ocrx_word' id='word_1_45' title='bbox 442 934 478 1003; x_wconf 85' lang='lat'><strong><em>05</em></strong></span> <span class='ocrx_word' id='word_1_46' title='bbox 501 939 550 1001; x_wconf 85' lang='grc' dir='ltr'><strong><em>καί</em></strong></span> <span class='ocrx_word' id='word_1_47' title='bbox 574 937 590 1000; x_wconf 99' lang='lat'><strong><em>5</em></strong></span> <span class='ocrx_word' id='word_1_48' title='bbox 613 943 778 1022; x_wconf 79' lang='grc' dir='ltr'><strong><em>πολυίστωρ</em></strong></span> <span class='ocrx_word' id='word_1_49' title='bbox 797 939 944 1020; x_wconf 74' lang='grc' dir='ltr'><strong><em>Εὐσέβιος</em></strong></span> <span class='ocrx_word' id='word_1_50' title='bbox 964 939 996 1001; x_wconf 82' lang='grc' dir='ltr'><strong><em>έν</em></strong></span> <span class='ocrx_word' id='word_1_51' title='bbox 1019 948 1054 1023; x_wconf 81' lang='grc' dir='ltr'><strong><em>τή</em></strong></span> <span class='ocrx_word' id='word_1_52' title='bbox 1078 940 1125 1001; x_wconf 86' lang='grc' dir='ltr'><strong><em>έκ-</em></strong></span> 
     </span>
     <span class='ocr_line' id='line_1_8' title="bbox 102 1030 1150 1123; baseline -0.004 -20"><span class='ocrx_word' id='word_1_53' title='bbox 102 1046 301 1123; x_wconf 82' lang='grc' dir='ltr'><strong><em>κλησιαστική</em></strong></span> <span class='ocrx_word' id='word_1_54' title='bbox 326 1040 438 1123; x_wconf 84' lang='grc' dir='ltr'><strong><em>ἰστορίῳ</em></strong></span> <span class='ocrx_word' id='word_1_55' title='bbox 462 1039 567 1117; x_wconf 91' lang='grc' dir='ltr'><strong><em>φησίν·</em></strong></span> <span class='ocrx_word' id='word_1_56' title='bbox 595 1039 704 1116; x_wconf 81' lang='grc' dir='ltr'><strong><em>Θωμᾶς</em></strong></span> <span class='ocrx_word' id='word_1_57' title='bbox 727 1035 780 1116; x_wconf 80' lang='grc' dir='ltr'><strong><em>μέν</em></strong></span> <span class='ocrx_word' id='word_1_58' title='bbox 803 1038 858 1117; x_wconf 85' lang='grc' dir='ltr'><strong><em>τήν</em></strong></span> <span class='ocrx_word' id='word_1_59' title='bbox 881 1039 1025 1118; x_wconf 82' lang='grc' dir='ltr'><strong><em>Παρθίαν</em></strong></span> <span class='ocrx_word' id='word_1_60' title='bbox 1047 1030 1150 1116; x_wconf 48' lang='grc' dir='ltr'><strong><em>είληῖ</em></strong></span> 
     </span>
     <span class='ocr_line' id='line_1_9' title="bbox 102 1131 1125 1221; baseline -0.003 -21"><span class='ocrx_word' id='word_1_61' title='bbox 102 1162 176 1221; x_wconf 90' lang='grc' dir='ltr'><strong><em>χεν,</em></strong></span> <span class='ocrx_word' id='word_1_62' title='bbox 195 1132 337 1216; x_wconf 80' lang='grc' dir='ltr'><strong><em>Ἰωάννης</em></strong></span> <span class='ocrx_word' id='word_1_63' title='bbox 360 1135 392 1199; x_wconf 77' lang='grc' dir='ltr'><strong><em>δέ</em></strong></span> <span class='ocrx_word' id='word_1_64' title='bbox 415 1138 469 1217; x_wconf 85' lang='grc' dir='ltr'><strong><em>τήν</em></strong></span> <span class='ocrx_word' id='word_1_65' title='bbox 489 1131 606 1215; x_wconf 80' lang='grc' dir='ltr'><strong><em>Ἀσίαν,</em></strong></span> <span class='ocrx_word' id='word_1_66' title='bbox 635 1134 710 1214; x_wconf 84' lang='grc' dir='ltr'><strong><em>πρὸς</em></strong></span> <span class='ocrx_word' id='word_1_67' title='bbox 738 1133 792 1207; x_wconf 81' lang='grc' dir='ltr'><strong><em>οὓς</em></strong></span> <span class='ocrx_word' id='word_1_68' title='bbox 813 1133 864 1195; x_wconf 88' lang='grc' dir='ltr'><strong><em>καί</em></strong></span> <span class='ocrx_word' id='word_1_69' title='bbox 887 1136 1045 1217; x_wconf 79' lang='grc' dir='ltr'><strong><em>διατρίψας</em></strong></span> <span class='ocrx_word' id='word_1_70' title='bbox 1067 1135 1125 1197; x_wconf 81' lang='grc' dir='ltr'><strong><em>ἕτε-</em></strong></span> 
     </span>
     <span class='ocr_line' id='line_1_10' title="bbox 102 1224 1125 1319; baseline -0.005 -20"><span class='ocrx_word' id='word_1_71' title='bbox 102 1237 252 1314; x_wconf 87' lang='grc' dir='ltr'><strong><em>λεύτησεν</em></strong></span> <span class='ocrx_word' id='word_1_72' title='bbox 275 1224 307 1297; x_wconf 84' lang='grc' dir='ltr'><strong><em>έν</em></strong></span> <span class='ocrx_word' id='word_1_73' title='bbox 324 1230 447 1319; x_wconf 89' lang='grc' dir='ltr'><strong><em>Ἐφέσῳ.</em></strong></span> <span class='ocrx_word' id='word_1_74' title='bbox 485 1233 534 1295; x_wconf 84' lang='grc' dir='ltr'><strong><em>καὶ</em></strong></span> <span class='ocrx_word' id='word_1_75' title='bbox 556 1233 658 1294; x_wconf 89' lang='grc' dir='ltr'><strong><em>πάλιν·</em></strong></span> <span class='ocrx_word' id='word_1_76' title='bbox 682 1232 730 1295; x_wconf 76' lang='grc' dir='ltr'><strong><em>ἐπὶ</em></strong></span> <span class='ocrx_word' id='word_1_77' title='bbox 752 1234 868 1305; x_wconf 83' lang='grc' dir='ltr'><strong><em>τούτοις</em></strong></span> <span class='ocrx_word' id='word_1_78' title='bbox 886 1226 942 1295; x_wconf 82' lang='grc' dir='ltr'><strong><em>οὖν</em></strong></span> <span class='ocrx_word' id='word_1_79' title='bbox 960 1232 1010 1295; x_wconf 85' lang='grc' dir='ltr'><strong><em>καί</em></strong></span> <span class='ocrx_word' id='word_1_80' title='bbox 1025 1230 1125 1296; x_wconf 88' lang='grc' dir='ltr'><strong><em>Ἰωάν-</em></strong></span> 
     </span>
     <span class='ocr_line' id='line_1_11' title="bbox 102 1326 1166 1415; baseline -0.005 -19"><span class='ocrx_word' id='word_1_81' title='bbox 102 1358 167 1413; x_wconf 89' lang='grc' dir='ltr'><strong><em>νης</em></strong></span> <span class='ocrx_word' id='word_1_82' title='bbox 182 1332 198 1395; x_wconf 99' lang='lat'><strong><em>5</em></strong></span> <span class='ocrx_word' id='word_1_83' title='bbox 213 1332 416 1414; x_wconf 87' lang='grc' dir='ltr'><strong><em>εύαγγελιστής</em></strong></span> <span class='ocrx_word' id='word_1_84' title='bbox 434 1331 466 1393; x_wconf 84' lang='grc' dir='ltr'><strong><em>έν</em></strong></span> <span class='ocrx_word' id='word_1_85' title='bbox 477 1326 593 1413; x_wconf 81' lang='grc' dir='ltr'><strong><em>Ἐφέσῳ</em></strong></span> <span class='ocrx_word' id='word_1_86' title='bbox 606 1341 660 1410; x_wconf 84' lang='grc' dir='ltr'><strong><em>τής</em></strong></span> <span class='ocrx_word' id='word_1_87' title='bbox 671 1326 770 1404; x_wconf 89' lang='grc' dir='ltr'><strong><em>Ἀσίας</em></strong></span> <span class='ocrx_word' id='word_1_88' title='bbox 783 1337 899 1415; x_wconf 75' lang='grc' dir='ltr'><strong><em>τελευτᾷ</em></strong></span> <span class='ocrx_word' id='word_1_89' title='bbox 917 1330 967 1392; x_wconf 86' lang='grc' dir='ltr'><strong><em>καὶ</em></strong></span> <span class='ocrx_word' id='word_1_90' title='bbox 981 1332 1124 1393; x_wconf 79' lang='grc' dir='ltr'><strong><em>θάπτεται</em></strong></span> <span class='ocrx_word' id='word_1_91' title='bbox 1140 1352 1166 1391; x_wconf 81' lang='grc' dir='ltr'><strong><em>ιο</em></strong></span> 
     </span>
     <span class='ocr_line' id='line_1_12' title="bbox 103 1426 1126 1515; baseline -0.003 -21"><span class='ocrx_word' id='word_1_92' title='bbox 103 1432 186 1515; x_wconf 89' lang='grc' dir='ltr'><strong><em>πρὸς</em></strong></span> <span class='ocrx_word' id='word_1_93' title='bbox 213 1441 272 1492; x_wconf 85' lang='grc' dir='ltr'><strong><em>τῶν</em></strong></span> <span class='ocrx_word' id='word_1_94' title='bbox 299 1429 408 1492; x_wconf 82' lang='grc' dir='ltr'><strong><em>αὐτόθι</em></strong></span> <span class='ocrx_word' id='word_1_95' title='bbox 434 1439 553 1492; x_wconf 84' lang='grc' dir='ltr'><strong><em>πιστῶν.</em></strong></span> <span class='ocrx_word' id='word_1_96' title='bbox 600 1426 709 1509; x_wconf 81' lang='grc' dir='ltr'><strong><em>ὁμοίως</em></strong></span> <span class='ocrx_word' id='word_1_97' title='bbox 736 1427 768 1490; x_wconf 81' lang='grc' dir='ltr'><strong><em>δέ</em></strong></span> <span class='ocrx_word' id='word_1_98' title='bbox 796 1428 845 1490; x_wconf 87' lang='grc' dir='ltr'><strong><em>καί</em></strong></span> <span class='ocrx_word' id='word_1_99' title='bbox 875 1430 1023 1503; x_wconf 88' lang='grc' dir='ltr'><strong><em>Φίλιππος</em></strong></span> <span class='ocrx_word' id='word_1_100' title='bbox 1050 1426 1066 1489; x_wconf 96' lang='lat'><strong><em>5</em></strong></span> <span class='ocrx_word' id='word_1_101' title='bbox 1094 1430 1126 1491; x_wconf 83' lang='grc' dir='ltr'><strong><em>έκ</em></strong></span> 
     </span>
     <span class='ocr_line' id='line_1_13' title="bbox 105 1521 1126 1611; baseline -0.001 -22"><span class='ocrx_word' id='word_1_102' title='bbox 105 1537 171 1589; x_wconf 82' lang='grc' dir='ltr'><strong><em>τῶν</em></strong></span> <span class='ocrx_word' id='word_1_103' title='bbox 190 1524 217 1601; x_wconf 78' lang='grc' dir='ltr'><strong><em>ζ’</em></strong></span> <span class='ocrx_word' id='word_1_104' title='bbox 236 1528 384 1589; x_wconf 81' lang='grc' dir='ltr'><strong><em>διακόνων</em></strong></span> <span class='ocrx_word' id='word_1_105' title='bbox 406 1526 438 1587; x_wconf 87' lang='grc' dir='ltr'><strong><em>έν</em></strong></span> <span class='ocrx_word' id='word_1_106' title='bbox 451 1521 528 1611; x_wconf 75' lang='grc' dir='ltr'><strong><em>Ἱερᾷ</em></strong></span> <span class='ocrx_word' id='word_1_107' title='bbox 548 1528 631 1589; x_wconf 93' lang='grc' dir='ltr'><strong><em>πόλει</em></strong></span> <span class='ocrx_word' id='word_1_108' title='bbox 648 1532 807 1589; x_wconf 77' lang='grc' dir='ltr'><strong><em>τελειοῦται</em></strong></span> <span class='ocrx_word' id='word_1_109' title='bbox 824 1526 875 1589; x_wconf 83' lang='grc' dir='ltr'><strong><em>καί</em></strong></span> <span class='ocrx_word' id='word_1_110' title='bbox 892 1526 1036 1589; x_wconf 82' lang='grc' dir='ltr'><strong><em>θάπτεται</em></strong></span> <span class='ocrx_word' id='word_1_111' title='bbox 1055 1528 1126 1607; x_wconf 84' lang='grc' dir='ltr'><strong><em>μετὰ</em></strong></span> 
     </span>
     <span class='ocr_line' id='line_1_14' title="bbox 107 1616 1125 1707; baseline -0.001 -20"><span class='ocrx_word' id='word_1_112' title='bbox 107 1636 172 1687; x_wconf 84' lang='grc' dir='ltr'><strong><em>τῶν</em></strong></span> <span class='ocrx_word' id='word_1_113' title='bbox 196 1623 369 1707; x_wconf 76' lang='grc' dir='ltr'><strong><em>θυγατέρων</em></strong></span> <span class='ocrx_word' id='word_1_114' title='bbox 392 1624 492 1685; x_wconf 84' lang='grc' dir='ltr'><strong><em>αὐτοῦ.</em></strong></span> <span class='ocrx_word' id='word_1_115' title='bbox 537 1624 603 1705; x_wconf 84' lang='grc' dir='ltr'><strong><em>περὶ</em></strong></span> <span class='ocrx_word' id='word_1_116' title='bbox 627 1616 670 1686; x_wconf 84' lang='grc' dir='ltr'><strong><em>ὧν</em></strong></span> <span class='ocrx_word' id='word_1_117' title='bbox 692 1623 742 1685; x_wconf 83' lang='grc' dir='ltr'><strong><em>καί</em></strong></span> <span class='ocrx_word' id='word_1_118' title='bbox 760 1626 956 1706; x_wconf 88' lang='grc' dir='ltr'><strong><em>Πολυκράτης</em></strong></span> <span class='ocrx_word' id='word_1_119' title='bbox 978 1624 994 1687; x_wconf 97' lang='lat'><strong><em>5</em></strong></span> <span class='ocrx_word' id='word_1_120' title='bbox 1018 1626 1125 1705; x_wconf 87' lang='grc' dir='ltr'><strong><em>τῆςέν</em></strong></span> 
     </span>
     <span class='ocr_line' id='line_1_15' title="bbox 102 1717 1126 1844; baseline 0 -61"><span class='ocrx_word' id='word_1_121' title='bbox 102 1718 225 1844; x_wconf 82' lang='grc' dir='ltr'><strong><em>Ἐφέσῳ</em></strong></span> <span class='ocrx_word' id='word_1_122' title='bbox 253 1723 416 1809; x_wconf 89' lang='grc' dir='ltr'><strong><em>παροικίας</em></strong></span> <span class='ocrx_word' id='word_1_123' title='bbox 437 1722 595 1796; x_wconf 75' lang='grc' dir='ltr'><strong><em>ἐπίσκοπος</em></strong></span> <span class='ocrx_word' id='word_1_124' title='bbox 615 1717 756 1805; x_wconf 87' lang='grc' dir='ltr'><strong><em>Ἰούκτορι</em></strong></span> <span class='ocrx_word' id='word_1_125' title='bbox 783 1730 822 1806; x_wconf 81' lang='grc' dir='ltr'><strong><em>τῷ</em></strong></span> <span class='ocrx_word' id='word_1_126' title='bbox 845 1722 995 1807; x_wconf 88' lang='grc' dir='ltr'><strong><em>έπισιιόπῳ</em></strong></span> <span class='ocrx_word' id='word_1_127' title='bbox 1014 1717 1126 1802; x_wconf 81' lang='grc' dir='ltr'><strong><em>Ρτόμης</em></strong></span> 
     </span>
     <span class='ocr_line' id='line_1_16' title="bbox 108 1786 1165 1903; baseline 0 -22"><span class='ocrx_word' id='word_1_128' title='bbox 108 1822 238 1903; x_wconf 88' lang='grc' dir='ltr'><strong><em>γράφων</em></strong></span> <span class='ocrx_word' id='word_1_129' title='bbox 261 1820 338 1882; x_wconf 85' lang='grc' dir='ltr'><strong><em>ούτω</em></strong></span> <span class='ocrx_word' id='word_1_130' title='bbox 361 1823 467 1900; x_wconf 88' lang='grc' dir='ltr'><strong><em>φησίν</em></strong></span> <span class='ocrx_word' id='word_1_131' title='bbox 427 1820 595 1882; x_wconf 89' lang='grc' dir='ltr'><strong><em>ίκαί</em></strong></span> <span class='ocrx_word' id='word_1_132' title='bbox 563 1846 618 1903; x_wconf 94' lang='grc' dir='ltr'><strong><em>γαρ</em></strong></span> <span class='ocrx_word' id='word_1_133' title='bbox 637 1820 711 1881; x_wconf 80' lang='grc' dir='ltr'><strong><em>κατὰ</em></strong></span> <span class='ocrx_word' id='word_1_134' title='bbox 729 1821 785 1900; x_wconf 85' lang='grc' dir='ltr'><strong><em>τήν</em></strong></span> <span class='ocrx_word' id='word_1_135' title='bbox 799 1815 902 1881; x_wconf 82' lang='grc' dir='ltr'><strong><em>Ἀσίαν</em></strong></span> <span class='ocrx_word' id='word_1_136' title='bbox 921 1786 1029 1902; x_wconf 82' lang='grc' dir='ltr'><strong><em>μεγάλα</em></strong></span> <span class='ocrx_word' id='word_1_137' title='bbox 1048 1839 1124 1883; x_wconf 94' lang='grc' dir='ltr'><strong><em>στοι-</em></strong></span> <span class='ocrx_word' id='word_1_138' title='bbox 1140 1841 1165 1881; x_wconf 86' lang='grc' dir='ltr'><strong><em>ισ</em></strong></span> 
     </span>
     <span class='ocr_line' id='line_1_17' title="bbox 109 1915 1126 2003; baseline -0.003 -23"><span class='ocrx_word' id='word_1_139' title='bbox 109 1924 175 2000; x_wconf 84' lang='grc' dir='ltr'><strong><em>χεῖα</em></strong></span> <span class='ocrx_word' id='word_1_140' title='bbox 198 1920 403 1999; x_wconf 86' lang='grc' dir='ltr'><strong><em>κεκοίμηνται,</em></strong></span> <span class='ocrx_word' id='word_1_141' title='bbox 429 1918 513 1979; x_wconf 81' lang='grc' dir='ltr'><strong><em>άτινα</em></strong></span> <span class='ocrx_word' id='word_1_142' title='bbox 536 1918 585 1979; x_wconf 79' lang='grc' dir='ltr'><strong><em>καί</em></strong></span> <span class='ocrx_word' id='word_1_143' title='bbox 607 1918 824 1998; x_wconf 82' lang='grc' dir='ltr'><strong><em>ἀναστήσονται</em></strong></span> <span class='ocrx_word' id='word_1_144' title='bbox 846 1928 881 1998; x_wconf 81' lang='grc' dir='ltr'><strong><em>τή</em></strong></span> <span class='ocrx_word' id='word_1_145' title='bbox 904 1915 1050 2003; x_wconf 78' lang='grc' dir='ltr'><strong><em>ἐσχάτη</em></strong></span> <span class='ocrx_word' id='word_1_146' title='bbox 1032 1918 1126 2002; x_wconf 83' lang='grc' dir='ltr'><strong><em>ημέρῳ</em></strong></span> 
     </span>
     <span class='ocr_line' id='line_1_18' title="bbox 111 2010 1125 2099; baseline -0.001 -22"><span class='ocrx_word' id='word_1_147' title='bbox 111 2026 166 2097; x_wconf 86' lang='grc' dir='ltr'><strong><em>τής</em></strong></span> <span class='ocrx_word' id='word_1_148' title='bbox 190 2017 354 2098; x_wconf 87' lang='grc' dir='ltr'><strong><em>παρουσίας</em></strong></span> <span class='ocrx_word' id='word_1_149' title='bbox 376 2026 429 2077; x_wconf 87' lang='grc' dir='ltr'><strong><em>τοῦ</em></strong></span> <span class='ocrx_word' id='word_1_150' title='bbox 452 2017 568 2099; x_wconf 79' lang='grc' dir='ltr'><strong><em>κυρίου,</em></strong></span> <span class='ocrx_word' id='word_1_151' title='bbox 588 2010 729 2095; x_wconf 86' lang='grc' dir='ltr'><strong><em>Ἰωάννης</em></strong></span> <span class='ocrx_word' id='word_1_152' title='bbox 752 2015 767 2078; x_wconf 94' lang='lat'><strong><em>5</em></strong></span> <span class='ocrx_word' id='word_1_153' title='bbox 791 2015 963 2094; x_wconf 84' lang='grc' dir='ltr'><strong><em>έπιστήθιος</em></strong></span> <span class='ocrx_word' id='word_1_154' title='bbox 985 2019 1125 2096; x_wconf 82' lang='grc' dir='ltr'><strong><em>Χριστοῦ,</em></strong></span> 
     </span>
     <span class='ocr_line' id='line_1_19' title="bbox 110 2107 1125 2197; baseline -0.002 -21"><span class='ocrx_word' id='word_1_155' title='bbox 110 2112 145 2188; x_wconf 77' lang='grc' dir='ltr'><strong><em>ὃς</em></strong></span> <span class='ocrx_word' id='word_1_156' title='bbox 178 2114 228 2175; x_wconf 83' lang='grc' dir='ltr'><strong><em>καί</em></strong></span> <span class='ocrx_word' id='word_1_157' title='bbox 260 2113 292 2174; x_wconf 90' lang='grc' dir='ltr'><strong><em>τὸ</em></strong></span> <span class='ocrx_word' id='word_1_158' title='bbox 322 2112 447 2176; x_wconf 77' lang='grc' dir='ltr'><strong><em>πέταλον</em></strong></span> <span class='ocrx_word' id='word_1_159' title='bbox 474 2113 652 2197; x_wconf 84' lang='grc' dir='ltr'><strong><em>πεφορηκὼς</em></strong></span> <span class='ocrx_word' id='word_1_160' title='bbox 683 2113 733 2174; x_wconf 80' lang='grc' dir='ltr'><strong><em>καί</em></strong></span> <span class='ocrx_word' id='word_1_161' title='bbox 760 2114 936 2186; x_wconf 80' lang='grc' dir='ltr'><strong><em>διδάσκαλος</em></strong></span> <span class='ocrx_word' id='word_1_162' title='bbox 958 2112 990 2174; x_wconf 87' lang='grc' dir='ltr'><strong><em>έν</em></strong></span> <span class='ocrx_word' id='word_1_163' title='bbox 1010 2107 1125 2196; x_wconf 86' lang='grc' dir='ltr'><strong><em>Ἐφέσῳ</em></strong></span> 
     </span>
     <span class='ocr_line' id='line_1_20' title="bbox 110 2207 1125 2294; baseline -0.002 -21"><span class='ocrx_word' id='word_1_164' title='bbox 110 2210 272 2294; x_wconf 88' lang='grc' dir='ltr'><strong><em>γενόμενος</em></strong></span> <span class='ocrx_word' id='word_1_165' title='bbox 294 2213 479 2292; x_wconf 87' lang='grc' dir='ltr'><strong><em>κεκοίμηται,</em></strong></span> <span class='ocrx_word' id='word_1_166' title='bbox 507 2210 556 2273; x_wconf 87' lang='grc' dir='ltr'><strong><em>καί</em></strong></span> <span class='ocrx_word' id='word_1_167' title='bbox 582 2214 729 2284; x_wconf 87' lang='grc' dir='ltr'><strong><em>Φίλιππος</em></strong></span> <span class='ocrx_word' id='word_1_168' title='bbox 753 2209 768 2273; x_wconf 87' lang='lat'><strong><em>5</em></strong></span> <span class='ocrx_word' id='word_1_169' title='bbox 790 2210 824 2272; x_wconf 89' lang='grc' dir='ltr'><strong><em>έκ</em></strong></span> <span class='ocrx_word' id='word_1_170' title='bbox 845 2220 905 2271; x_wconf 83' lang='grc' dir='ltr'><strong><em>τῶν</em></strong></span> <span class='ocrx_word' id='word_1_171' title='bbox 928 2207 955 2284; x_wconf 79' lang='grc' dir='ltr'><strong><em>ζ’</em></strong></span> <span class='ocrx_word' id='word_1_172' title='bbox 978 2210 1125 2272; x_wconf 78' lang='grc' dir='ltr'><strong><em>διακόνων</em></strong></span> 
     </span>
     <span class='ocr_line' id='line_1_21' title="bbox 109 2302 1166 2394; baseline -0.001 -22"><span class='ocrx_word' id='word_1_173' title='bbox 109 2310 144 2372; x_wconf 83' lang='grc' dir='ltr'><strong><em>έν</em></strong></span> <span class='ocrx_word' id='word_1_174' title='bbox 162 2304 239 2394; x_wconf 77' lang='grc' dir='ltr'><strong><em>Ἱερᾷ</em></strong></span> <span class='ocrx_word' id='word_1_175' title='bbox 267 2310 349 2372; x_wconf 88' lang='grc' dir='ltr'><strong><em>πόλει</em></strong></span> <span class='ocrx_word' id='word_1_176' title='bbox 377 2314 541 2371; x_wconf 86' lang='grc' dir='ltr'><strong><em>τελειοῦται.</em></strong></span> <span class='ocrx_word' id='word_1_177' title='bbox 587 2302 674 2382; x_wconf 77' lang='grc' dir='ltr'><strong><em>οὗτός</em></strong></span> <span class='ocrx_word' id='word_1_178' title='bbox 696 2309 774 2370; x_wconf 89' lang='grc' dir='ltr'><strong><em>έστιν</em></strong></span> <span class='ocrx_word' id='word_1_179' title='bbox 797 2305 813 2369; x_wconf 93' lang='lat'><strong><em>5</em></strong></span> <span class='ocrx_word' id='word_1_180' title='bbox 836 2307 886 2369; x_wconf 79' lang='grc' dir='ltr'><strong><em>καί</em></strong></span> <span class='ocrx_word' id='word_1_181' title='bbox 908 2307 960 2369; x_wconf 87' lang='grc' dir='ltr'><strong><em>τόν</em></strong></span> <span class='ocrx_word' id='word_1_182' title='bbox 982 2308 1125 2388; x_wconf 76' lang='grc' dir='ltr'><strong><em>εὐνοῦχον</em></strong></span> <span class='ocrx_word' id='word_1_183' title='bbox 1139 2332 1166 2371; x_wconf 81' lang='grc' dir='ltr'><strong><em>ευ</em></strong></span> 
     </span>
     <span class='ocr_line' id='line_1_22' title="bbox 109 2407 748 2489; baseline -0.003 -21"><span class='ocrx_word' id='word_1_184' title='bbox 109 2408 258 2489; x_wconf 82' lang='grc' dir='ltr'><strong><em>βαπτίσας</em></strong></span> <span class='ocrx_word' id='word_1_185' title='bbox 281 2407 330 2469; x_wconf 89' lang='grc' dir='ltr'><strong><em>καί</em></strong></span> <span class='ocrx_word' id='word_1_186' title='bbox 352 2407 404 2469; x_wconf 86' lang='grc' dir='ltr'><strong><em>τόν</em></strong></span> <span class='ocrx_word' id='word_1_187' title='bbox 426 2408 552 2486; x_wconf 89' lang='grc' dir='ltr'><strong><em>Σίμωνα</em></strong></span> <span class='ocrx_word' id='word_1_188' title='bbox 574 2407 748 2487; x_wconf 83' lang='grc' dir='ltr'><strong><em>κατηχήσας.</em></strong></span> 
     </span>
    </p>

    <p class='ocr_par' dir='ltr' id='par_1_4' title="bbox 110 2497 1125 2685">
     <span class='ocr_line' id='line_1_23' title="bbox 183 2497 1125 2588; baseline -0.002 -21"><span class='ocrx_word' id='word_1_189' title='bbox 183 2504 229 2567; x_wconf 84' lang='grc' dir='ltr'><strong><em>Ού</em></strong></span> <span class='ocrx_word' id='word_1_190' title='bbox 257 2506 317 2585; x_wconf 90' lang='grc' dir='ltr'><strong><em>μήν</em></strong></span> <span class='ocrx_word' id='word_1_191' title='bbox 345 2502 377 2566; x_wconf 80' lang='grc' dir='ltr'><strong><em>δέ</em></strong></span> <span class='ocrx_word' id='word_1_192' title='bbox 404 2504 476 2565; x_wconf 78' lang='grc' dir='ltr'><strong><em>ἀλλὰ</em></strong></span> <span class='ocrx_word' id='word_1_193' title='bbox 506 2503 556 2564; x_wconf 92' lang='grc' dir='ltr'><strong><em>καί</em></strong></span> <span class='ocrx_word' id='word_1_194' title='bbox 583 2501 599 2563; x_wconf 90' lang='lat'><strong><em>5</em></strong></span> <span class='ocrx_word' id='word_1_195' title='bbox 626 2510 711 2576; x_wconf 80' lang='grc' dir='ltr'><strong><em>θεῖος</em></strong></span> <span class='ocrx_word' id='word_1_196' title='bbox 728 2499 902 2578; x_wconf 82' lang='grc' dir='ltr'><strong><em>Ἱππόλυτος</em></strong></span> <span class='ocrx_word' id='word_1_197' title='bbox 921 2497 1032 2583; x_wconf 81' lang='grc' dir='ltr'><strong><em>Ῥτόμης</em></strong></span> <span class='ocrx_word' id='word_1_198' title='bbox 1059 2504 1125 2588; x_wconf 77' lang='grc' dir='ltr'><strong><em>περὶ</em></strong></span> 
     </span>
     <span class='ocr_line' id='line_1_24' title="bbox 110 2600 1125 2685; baseline 0 -22"><span class='ocrx_word' id='word_1_199' title='bbox 110 2612 167 2665; x_wconf 91' lang='grc' dir='ltr'><strong><em>τοῦ</em></strong></span> <span class='ocrx_word' id='word_1_200' title='bbox 190 2603 377 2685; x_wconf 86' lang='grc' dir='ltr'><strong><em>κηρύγματος</em></strong></span> <span class='ocrx_word' id='word_1_201' title='bbox 400 2601 449 2663; x_wconf 84' lang='grc' dir='ltr'><strong><em>καί</em></strong></span> <span class='ocrx_word' id='word_1_202' title='bbox 472 2611 525 2681; x_wconf 89' lang='grc' dir='ltr'><strong><em>τής</em></strong></span> <span class='ocrx_word' id='word_1_203' title='bbox 547 2603 717 2675; x_wconf 83' lang='grc' dir='ltr'><strong><em>τελειώσεως</em></strong></span> <span class='ocrx_word' id='word_1_204' title='bbox 739 2612 799 2663; x_wconf 85' lang='grc' dir='ltr'><strong><em>τῶν</em></strong></span> <span class='ocrx_word' id='word_1_205' title='bbox 821 2600 991 2664; x_wconf 83' lang='grc' dir='ltr'><strong><em>ἀποστόλων</em></strong></span> <span class='ocrx_word' id='word_1_206' title='bbox 1010 2602 1125 2677; x_wconf 81' lang='grc' dir='ltr'><strong><em>διεξιὼν</em></strong></span> 
     </span>
    </p>
   </div>
   <div class='ocr_carea' id='block_1_4' title="bbox 107 2798 1124 2943">
    <p class='ocr_par' dir='ltr' id='par_1_5' title="bbox 107 2798 1124 2943">
     <span class='ocr_line' id='line_1_25' title="bbox 186 2798 1124 2868; baseline -0.001 -14"><span class='ocrx_word' id='word_1_207' title='bbox 186 2806 263 2855; x_wconf 81' lang='grc'><strong><em>7-9</em></strong></span> <span class='ocrx_word' id='word_1_208' title='bbox 282 2800 433 2855; x_wconf 76' lang='lat' dir='ltr'><strong>Eus.Hist.</strong></span> <span class='ocrx_word' id='word_1_209' title='bbox 449 2798 589 2866; x_wconf 71' lang='lat'><strong><em>5005111,</em></strong></span> <span class='ocrx_word' id='word_1_210' title='bbox 605 2807 628 2853; x_wconf 89' lang='grc'><strong><em>1.</em></strong></span> <span class='ocrx_word' id='word_1_211' title='bbox 648 2832 682 2839; x_wconf 86' lang='grc'>-</span> <span class='ocrx_word' id='word_1_212' title='bbox 702 2804 798 2853; x_wconf 80' lang='grc'>9-20</span> <span class='ocrx_word' id='word_1_213' title='bbox 817 2802 852 2855; x_wconf 86' lang='lat'><strong><em>5&#39;5.</em></strong></span> <span class='ocrx_word' id='word_1_214' title='bbox 869 2799 920 2868; x_wconf 83' lang='grc' dir='ltr'><strong><em>ΙΠ,</em></strong></span> <span class='ocrx_word' id='word_1_215' title='bbox 935 2805 977 2855; x_wconf 86' lang='grc'><strong><em>31,</em></strong></span> <span class='ocrx_word' id='word_1_216' title='bbox 997 2832 1031 2840; x_wconf 95' lang='grc'>-</span> <span class='ocrx_word' id='word_1_217' title='bbox 1050 2805 1124 2853; x_wconf 77' lang='lat'><strong><em>52-</em></strong></span> 
     </span>
     <span class='ocr_line' id='line_1_26' title="bbox 107 2870 1065 2943; baseline -0.002 -16"><span class='ocrx_word' id='word_1_218' title='bbox 107 2890 138 2943; x_wconf 76' lang='lat'><strong><em>5²·</em></strong></span> <span class='ocrx_word' id='word_1_219' title='bbox 154 2876 215 2941; x_wconf 83' lang='grc'><strong><em>448,</em></strong></span> <span class='ocrx_word' id='word_1_220' title='bbox 231 2877 246 2925; x_wconf 82' lang='grc'>6</span> <span class='ocrx_word' id='word_1_221' title='bbox 265 2872 436 2942; x_wconf 73' lang='lat' dir='ltr'><strong>Hippolytus</strong></span> <span class='ocrx_word' id='word_1_222' title='bbox 456 2872 491 2925; x_wconf 83' lang='lat' dir='ltr'><strong><em>de</em></strong></span> <span class='ocrx_word' id='word_1_223' title='bbox 509 2888 549 2924; x_wconf 80' lang='lat'><strong><em>111</em></strong></span> <span class='ocrx_word' id='word_1_224' title='bbox 568 2870 711 2940; x_wconf 75' lang='lat' dir='ltr'><strong>apostolis.</strong></span> <span class='ocrx_word' id='word_1_225' title='bbox 740 2871 836 2941; x_wconf 82' lang='lat' dir='ltr'>Migne</span> <span class='ocrx_word' id='word_1_226' title='bbox 853 2871 932 2925; x_wconf 78' lang='lat' dir='ltr'><strong>Tom.</strong></span> <span class='ocrx_word' id='word_1_227' title='bbox 949 2876 990 2938; x_wconf 84' lang='lat'><strong><em>10,</em></strong></span> <span class='ocrx_word' id='word_1_228' title='bbox 1005 2876 1065 2925; x_wconf 76' lang='lat'><strong><em>952.</em></strong></span> 
     </span>
    </p>
   </div>
   <div class='ocr_carea' id='block_1_5' title="bbox 186 3029 1124 3157">
    <p class='ocr_par' dir='ltr' id='par_1_6' title="bbox 186 3029 1124 3157">
     <span class='ocr_line' id='line_1_27' title="bbox 186 3029 1124 3157; baseline -0.003 -71"><span class='ocrx_word' id='word_1_229' title='bbox 186 3039 201 3086; x_wconf 78' lang='lat'><strong>2</strong></span> <span class='ocrx_word' id='word_1_230' title='bbox 220 3041 338 3102; x_wconf 81' lang='grc' dir='ltr'><strong><em>νεροῦας</em></strong></span> <span class='ocrx_word' id='word_1_231' title='bbox 351 3032 402 3085; x_wconf 82' lang='lat' dir='ltr'><strong><em>LM</em></strong></span> <span class='ocrx_word' id='word_1_232' title='bbox 421 3031 523 3103; x_wconf 82' lang='grc' dir='ltr'><strong><em>νέρβας</em></strong></span> <span class='ocrx_word' id='word_1_233' title='bbox 535 3031 561 3085; x_wconf 87' lang='lat' dir='ltr'><strong>V</strong></span> <span class='ocrx_word' id='word_1_234' title='bbox 579 3033 681 3103; x_wconf 83' lang='grc' dir='ltr'><strong><em>νερβᾶς</em></strong></span> <span class='ocrx_word' id='word_1_235' title='bbox 693 3030 777 3084; x_wconf 82' lang='lat' dir='ltr'><strong><em>R.—</em></strong></span> <span class='ocrx_word' id='word_1_236' title='bbox 796 3037 813 3083; x_wconf 88' lang='grc'>4</span> <span class='ocrx_word' id='word_1_237' title='bbox 832 3031 862 3085; x_wconf 84' lang='grc' dir='ltr'><strong><em>έν</em></strong></span> <span class='ocrx_word' id='word_1_238' title='bbox 879 3051 918 3104; x_wconf 90' lang='grc' dir='ltr'><strong><em>τῳ</em></strong></span> <span class='ocrx_word' id='word_1_239' title='bbox 901 3029 983 3157; x_wconf 61' lang='grc' dir='ltr'><strong><em>’ῳίῳ</em></strong></span> <span class='ocrx_word' id='word_1_240' title='bbox 997 3030 1074 3084; x_wconf 81' lang='lat' dir='ltr'><strong>AFL.</strong></span> <span class='ocrx_word' id='word_1_241' title='bbox 1089 3062 1124 3071; x_wconf 90' lang='lat'><strong><em>-—</em></strong></span> 
     </span>
    </p>
   </div>
   <div class='ocr_carea' id='block_1_6' title="bbox 111 3086 1124 3315">
    <p class='ocr_par' dir='ltr' id='par_1_7' title="bbox 111 3086 1124 3315">
     <span class='ocr_line' id='line_1_28' title="bbox 112 3086 1124 3179; baseline -0.005 -20"><span class='ocrx_word' id='word_1_242' title='bbox 112 3110 148 3159; x_wconf 77' lang='lat'><strong><em>12</em></strong></span> <span class='ocrx_word' id='word_1_243' title='bbox 162 3103 293 3179; x_wconf 82' lang='grc' dir='ltr'><strong><em>ίερᾷ(-ρ</em></strong></span> <span class='ocrx_word' id='word_1_244' title='bbox 280 3125 299 3159; x_wconf 94' lang='grc' dir='ltr'><strong><em>α</em></strong></span> <span class='ocrx_word' id='word_1_245' title='bbox 312 3103 371 3173; x_wconf 83' lang='lat' dir='ltr'><strong><em>GP)</em></strong></span> <span class='ocrx_word' id='word_1_246' title='bbox 386 3100 465 3158; x_wconf 85' lang='grc' dir='ltr'><strong><em>πόλει</em></strong></span> <span class='ocrx_word' id='word_1_247' title='bbox 473 3101 631 3157; x_wconf 81' lang='lat' dir='ltr'><strong>ABCGPR</strong></span> <span class='ocrx_word' id='word_1_248' title='bbox 644 3102 685 3170; x_wconf 85' lang='grc' dir='ltr'><strong><em>ίερ</em></strong></span> <span class='ocrx_word' id='word_1_249' title='bbox 687 3101 785 3157; x_wconf 88' lang='grc' dir='ltr'><strong><em>άπολει</em></strong></span> <span class='ocrx_word' id='word_1_250' title='bbox 798 3103 828 3155; x_wconf 89' lang='grc' dir='ltr'>Μ</span> <span class='ocrx_word' id='word_1_251' title='bbox 841 3086 925 3169; x_wconf 82' lang='grc' dir='ltr'><strong><em>ίεράπ</em></strong></span> <span class='ocrx_word' id='word_1_252' title='bbox 943 3106 984 3156; x_wconf 85' lang='grc' dir='ltr'><strong><em>λει</em></strong></span> <span class='ocrx_word' id='word_1_253' title='bbox 997 3101 1124 3155; x_wconf 73' lang='grc' dir='ltr'><strong>ΒΕΕῚΝ</strong></span> 
     </span>
     <span class='ocr_line' id='line_1_29' title="bbox 111 3170 1124 3299; baseline -0.004 -68"><span class='ocrx_word' id='word_1_254' title='bbox 111 3178 177 3231; x_wconf 76' lang='lat' dir='ltr'><strong><em>item</em></strong></span> <span class='ocrx_word' id='word_1_255' title='bbox 200 3194 224 3230; x_wconf 81' lang='lat' dir='ltr'><strong><em>v</em></strong></span> <span class='ocrx_word' id='word_1_256' title='bbox 239 3180 339 3229; x_wconf 79' lang='lat'>20.-</span> <span class='ocrx_word' id='word_1_257' title='bbox 365 3180 398 3229; x_wconf 84' lang='lat'><strong><em>14</em></strong></span> <span class='ocrx_word' id='word_1_258' title='bbox 421 3174 534 3243; x_wconf 86' lang='grc' dir='ltr'><strong><em>ίούιιτορ</em></strong></span> <span class='ocrx_word' id='word_1_259' title='bbox 536 3195 546 3228; x_wconf 94' lang='grc' dir='ltr'><strong><em>ι</em></strong></span> <span class='ocrx_word' id='word_1_260' title='bbox 564 3174 688 3227; x_wconf 82' lang='lat' dir='ltr'><strong>ABFPR</strong></span> <span class='ocrx_word' id='word_1_261' title='bbox 696 3173 842 3299; x_wconf 61' lang='grc' dir='ltr'><strong><em>ἐίούκτωρι</em></strong></span> <span class='ocrx_word' id='word_1_262' title='bbox 860 3172 911 3227; x_wconf 86' lang='lat' dir='ltr'><strong><em>DV</em></strong></span> <span class='ocrx_word' id='word_1_263' title='bbox 933 3170 1058 3241; x_wconf 89' lang='grc' dir='ltr'><strong><em>ούίκτορι</em></strong></span> <span class='ocrx_word' id='word_1_264' title='bbox 1075 3172 1124 3228; x_wconf 76' lang='lat' dir='ltr'><strong><em>OE</em></strong></span> 
     </span>
     <span class='ocr_line' id='line_1_30' title="bbox 111 3244 1123 3315; baseline -0.005 -13"><span class='ocrx_word' id='word_1_265' title='bbox 111 3244 246 3315; x_wconf 83' lang='grc' dir='ltr'><strong><em>ούίκτορι</em></strong></span> <span class='ocrx_word' id='word_1_266' title='bbox 260 3246 364 3301; x_wconf 70' lang='grc' dir='ltr'><strong><em>ΙιΜ.-</em></strong></span> <span class='ocrx_word' id='word_1_267' title='bbox 376 3252 408 3300; x_wconf 81' lang='lat'><strong><em>15</em></strong></span> <span class='ocrx_word' id='word_1_268' title='bbox 423 3244 524 3313; x_wconf 88' lang='grc' dir='ltr'><strong><em>φασκει</em></strong></span> <span class='ocrx_word' id='word_1_269' title='bbox 534 3245 636 3298; x_wconf 84' lang='lat' dir='ltr'><strong><em>RV</em></strong></span> <span class='ocrx_word' id='word_1_270' title='bbox 648 3250 681 3298; x_wconf 81' lang='lat'><strong><em>15</em></strong></span> <span class='ocrx_word' id='word_1_271' title='bbox 696 3245 774 3315; x_wconf 78' lang='grc' dir='ltr'><strong><em>ἐντή</em></strong></span> <span class='ocrx_word' id='word_1_272' title='bbox 783 3244 882 3298; x_wconf 76' lang='lat'><strong><em>1³15-</em></strong></span> <span class='ocrx_word' id='word_1_273' title='bbox 894 3250 927 3298; x_wconf 79' lang='lat'><strong><em>15</em></strong></span> <span class='ocrx_word' id='word_1_274' title='bbox 940 3252 990 3298; x_wconf 90' lang='grc' dir='ltr'><strong><em>του</em></strong></span> <span class='ocrx_word' id='word_1_275' title='bbox 1004 3261 1055 3299; x_wconf 86' lang='grc' dir='ltr'><strong><em>οοι.</em></strong></span> <span class='ocrx_word' id='word_1_276' title='bbox 1066 3244 1123 3299; x_wconf 79' lang='lat' dir='ltr'><strong><em>AR.</em></strong></span> 
     </span>
    </p>
   </div>
   <div class='ocr_carea' id='block_1_7' title="bbox 116 3383 1201 3567">
    <p class='ocr_par' dir='ltr' id='par_1_8' title="bbox 116 3383 1201 3547">
     <span class='ocr_line' id='line_1_31' title="bbox 186 3383 1201 3479; baseline -0.003 -19"><span class='ocrx_word' id='word_1_277' title='bbox 186 3404 306 3460; x_wconf 70' lang='lat' dir='ltr'><strong><em>255P</em></strong></span> <span class='ocrx_word' id='word_1_278' title='bbox 317 3411 377 3460; x_wconf 86' lang='lat'><strong><em>-5</em></strong></span> <span class='ocrx_word' id='word_1_279' title='bbox 392 3406 423 3462; x_wconf 86' lang='grc' dir='ltr'><strong><em>έν</em></strong></span> <span class='ocrx_word' id='word_1_280' title='bbox 438 3405 533 3479; x_wconf 81' lang='grc' dir='ltr'><strong><em>εἰρήνη</em></strong></span> <span class='ocrx_word' id='word_1_281' title='bbox 549 3405 739 3476; x_wconf 79' lang='grc' dir='ltr'><strong><em>ἀνεπαύσατο]</em></strong></span> <span class='ocrx_word' id='word_1_282' title='bbox 751 3401 904 3473; x_wconf 86' lang='grc' dir='ltr'><strong><em>μαρτυρίου</em></strong></span> <span class='ocrx_word' id='word_1_283' title='bbox 917 3401 1123 3473; x_wconf 79' lang='grc' dir='ltr'><strong><em>κατηξίωταιΡ.</em></strong></span> <span class='ocrx_word' id='word_1_284' title='bbox 1200 3383 1201 3386; x_wconf 13' lang='lat'>¹</span> 
     </span>
     <span class='ocr_line' id='line_1_32' title="bbox 116 3475 1124 3567; baseline -0.006 -34"><span class='ocrx_word' id='word_1_285' title='bbox 116 3478 188 3533; x_wconf 81' lang='grc' dir='ltr'><strong><em>Τκκι</em></strong></span> <span class='ocrx_word' id='word_1_286' title='bbox 206 3478 265 3531; x_wconf 77' lang='grc' dir='ltr'><strong><em>αλια</em></strong></span> <span class='ocrx_word' id='word_1_287' title='bbox 283 3478 363 3531; x_wconf 73' lang='lat' dir='ltr'><strong><em>addit</em></strong></span> <span class='ocrx_word' id='word_1_288' title='bbox 380 3480 490 3533; x_wconf 76' lang='lat' dir='ltr'><strong><em>seorsim</em></strong></span> <span class='ocrx_word' id='word_1_289' title='bbox 507 3477 613 3533; x_wconf 70' lang='lat' dir='ltr'><em>edenda</em></span> <span class='ocrx_word' id='word_1_290' title='bbox 635 3484 661 3531; x_wconf 82' lang='lat' dir='ltr'><strong><em>et</em></strong></span> <span class='ocrx_word' id='word_1_291' title='bbox 674 3479 862 3567; x_wconf 72' lang='grc' dir='ltr'><strong><em>μνοῳςαίλιινε</em></strong></span> <span class='ocrx_word' id='word_1_292' title='bbox 884 3476 932 3530; x_wconf 87' lang='grc' dir='ltr'><strong><em>καλ</em></strong></span> <span class='ocrx_word' id='word_1_293' title='bbox 953 3475 1003 3545; x_wconf 73' lang='grc' dir='ltr'><strong><em>μὲν</em></strong></span> <span class='ocrx_word' id='word_1_294' title='bbox 1021 3476 1057 3544; x_wconf 77' lang='grc' dir='ltr'><strong><em>δή</em></strong></span> <span class='ocrx_word' id='word_1_295' title='bbox 1075 3476 1124 3528; x_wconf 85' lang='grc' dir='ltr'><strong><em>καλ</em></strong></span> 
     </span>
    </p>
   </div>
   <div class='ocr_carea' id='block_1_8' title="bbox 112 3546 1124 3690">
    <p class='ocr_par' dir='ltr' id='par_1_9' title="bbox 112 3546 1124 3690">
     <span class='ocr_line' id='line_1_33' title="bbox 112 3546 1124 3617; baseline -0.005 -14"><span class='ocrx_word' id='word_1_296' title='bbox 112 3549 210 3603; x_wconf 82' lang='grc' dir='ltr'><strong><em>ὁπολ.</em></strong></span> <span class='ocrx_word' id='word_1_297' title='bbox 226 3549 330 3603; x_wconf 73' lang='lat'><strong><em>555.-</em></strong></span> <span class='ocrx_word' id='word_1_298' title='bbox 351 3554 384 3603; x_wconf 88' lang='lat'><strong><em>18</em></strong></span> <span class='ocrx_word' id='word_1_299' title='bbox 403 3546 572 3613; x_wconf 73' lang='grc' dir='ltr'><strong><em>διδάσκαλός</em></strong></span> <span class='ocrx_word' id='word_1_300' title='bbox 589 3567 618 3602; x_wconf 89' lang='grc' dir='ltr'><strong><em>τε</em></strong></span> <span class='ocrx_word' id='word_1_301' title='bbox 635 3546 740 3601; x_wconf 65' lang='grc' dir='ltr'><strong><em>καθ’</em></strong></span> <span class='ocrx_word' id='word_1_302' title='bbox 703 3568 808 3617; x_wconf 78' lang='grc' dir='ltr'><strong><em>μαριυς</em></strong></span> <span class='ocrx_word' id='word_1_303' title='bbox 824 3546 970 3601; x_wconf 57' lang='lat'><strong><em>1³55-</em></strong></span> <span class='ocrx_word' id='word_1_304' title='bbox 989 3551 1023 3600; x_wconf 74' lang='lat'><strong><em>50</em></strong></span> <span class='ocrx_word' id='word_1_305' title='bbox 1040 3547 1124 3599; x_wconf 85' lang='grc' dir='ltr'><strong><em>τελει-</em></strong></span> 
     </span>
     <span class='ocr_line' id='line_1_34' title="bbox 113 3568 1123 3690; baseline -0.006 -15"><span class='ocrx_word' id='word_1_306' title='bbox 113 3629 197 3675; x_wconf 90' lang='grc' dir='ltr'><strong><em>οῦται</em></strong></span> <span class='ocrx_word' id='word_1_307' title='bbox 211 3620 259 3673; x_wconf 86' lang='grc' dir='ltr'><strong><em>καλ</em></strong></span> <span class='ocrx_word' id='word_1_308' title='bbox 272 3618 412 3676; x_wconf 88' lang='grc' dir='ltr'><strong><em>θάπτεται</em></strong></span> <span class='ocrx_word' id='word_1_309' title='bbox 427 3621 484 3678; x_wconf 81' lang='grc' dir='ltr'><strong><em>ἐκεῖ</em></strong></span> <span class='ocrx_word' id='word_1_310' title='bbox 496 3620 564 3690; x_wconf 78' lang='grc' dir='ltr'><strong><em>μετὰ</em></strong></span> <span class='ocrx_word' id='word_1_311' title='bbox 578 3628 633 3673; x_wconf 88' lang='grc' dir='ltr'><strong><em>των</em></strong></span> <span class='ocrx_word' id='word_1_312' title='bbox 641 3568 809 3690; x_wconf 83' lang='grc' dir='ltr'><strong><em>θυγατέρων</em></strong></span> <span class='ocrx_word' id='word_1_313' title='bbox 815 3618 902 3672; x_wconf 88' lang='grc' dir='ltr'><strong><em>αύτου</em></strong></span> <span class='ocrx_word' id='word_1_314' title='bbox 914 3617 936 3671; x_wconf 93' lang='grc' dir='ltr'><strong><em>Ρ</em></strong></span> <span class='ocrx_word' id='word_1_315' title='bbox 946 3617 990 3686; x_wconf 71' lang='lat' dir='ltr'><strong><em>(cs.</em></strong></span> <span class='ocrx_word' id='word_1_316' title='bbox 1001 3615 1123 3681; x_wconf 58' lang='lat' dir='ltr'><strong>Eum).</strong></span> 
     </span>
    </p>
   </div>
   <div class='ocr_carea' id='block_1_9' title="bbox 169 3711 964 3769">
    <p class='ocr_par' dir='ltr' id='par_1_10' title="bbox 169 3711 964 3769">
     <span class='ocr_line' id='line_1_35' title="bbox 169 3711 964 3769; baseline -0.001 -10"><span class='ocrx_word' id='word_1_317' title='bbox 169 3718 712 3769; x_wconf 74' lang='grc' dir='ltr'><strong><em>(λςΜολτᾱάΒοΠ</em></strong></span> <span class='ocrx_word' id='word_1_318' title='bbox 930 3711 964 3759; x_wconf 80' lang='lat'><strong><em>29</em></strong></span> 
     </span>
    </p>
   </div>
   <div class='ocr_carea' id='block_1_10' title="bbox 0 0 1323 3909">
    <p class='ocr_par' dir='ltr' id='par_1_11' title="bbox 0 0 1323 3909">
     <span class='ocr_line' id='line_1_36' title="bbox 0 0 1323 3909; baseline 0 0"><span class='ocrx_word' id='word_1_319' title='bbox 0 0 1323 3909; x_wconf 95' lang='lat' dir='ltr'><strong><em> </em></strong></span> 
     </span>
    </p>
   </div>
  </div>
 </body>
</html>
