2617 3909
207 221 272 286 658
518 221 705 274 ΓΒΩΡΓΙΟΤ
723 220 906 274 ΜΟΝΔΧΟΤ

206 369 256 432 καλ
287 370 376 451 ίχθύς
408 368 497 450 μέγας
528 367 587 431 άπδ
614 373 748 449 κεφαλῆς
775 367 873 448 μέχρις
900 366 1001 448 ούρᾶς.
1047 365 1097 428 καλ
1126 364 1147 446 ἡ
1178 367 1239 446 μὲν

206 468 291 550 χροιά
319 477 371 531 τοῦ
399 467 496 528 νώτου
523 465 617 529 αὐτοῦ
649 464 740 550 πέτρα
767 465 891 549 μελαίνῃ
923 463 1110 546 προσέοικεν,
1145 463 1167 544 ἡ
1204 465 1238 527 δὲ

207 566 318 647 γαστὴρ
346 565 452 644 λευκή,
479 563 529 626 καὶ
553 562 643 636 πόδες
671 563 750 646 αύτῷ
775 563 832 624 είσι
859 561 900 643 δ’,
927 561 977 624 καί
1004 562 1079 644 ούρδι
1107 561 1237 644 μεγίστη

206 661 257 722 καλ
279 667 405 743 τραχεῖα.
447 670 499 740 τῆς
516 661 627 741 ῥάχεως
649 660 706 741 γάρ
729 659 808 722 ἔστιν
831 659 898 733 ἐνὸς
916 658 1018 722 όστέου
1041 660 1164 739 τελευτὴ
1183 661 1237 722 καλ

181 757 377 838 σέντίτμηται
408 755 529 819 άνωθεν
561 757 604 830 είς
635 756 774 831 ἀκάνθας
805 758 903 839 ὥσπερ
940 759 974 819 αἱ
1004 767 1063 820 τῶν
1094 758 1236 839 πριόνων

207 855 310 936 ἀκμαί,
333 853 383 916 καλ
405 855 506 917 τύπτει
528 853 561 916 ἐν
579 854 655 940 αύτῇ
679 856 754 937 πρὸς
777 853 831 928 ούς
853 853 892 916 διν
914 856 1044 936 μάχεται,
1066 854 1117 917 καλ
1136 858 1236 918 πολλὰ
1290 891 1291 912 2

207 959 293 1014 ποιεῖ
313 953 472 1034 τραύματα.
518 949 538 1031 ἡ
567 949 599 1012 δέ
627 952 741 1031 κεφαλὴ
770 951 863 1014 αὐτοῦ
890 952 1140 1036 προσηρμοσμίνη
1171 961 1235 1029 τοῖς

208 1050 300 1129 ὤμοις
327 1049 377 1112 καὶ
405 1048 579 1129 ίξισουμένη
608 1046 657 1128 ἐφ’
679 1050 751 1112 ὅσον
779 1049 833 1129 μέν
859 1050 896 1112 ού
919 1049 1022 1130 κέχηνε
1044 1052 1161 1131 θηρίου
1185 1075 1235 1113 κε-

209 1149 290 1228 φαλή
314 1148 403 1229 ἐστιν,
429 1147 549 1210 ἐπειδάν
572 1145 605 1209 δὲ
627 1149 714 1232 χάνῃ,
738 1147 793 1226 όλτχ
815 1149 927 1229 γίνεται
949 1148 1041 1227 στόμα
1064 1147 1148 1230 μέχρι
1172 1159 1234 1210 τῶν

168 1269 195 1310 ιο
209 1247 298 1327 ὤμων
325 1248 357 1309 τὸ
385 1247 482 1327 χάσμα
508 1254 643 1307 ποιοῦσα.
694 1244 814 1327 ἀναιρεῖ
841 1243 873 1307 δέ
903 1254 1009 1308 τούτου
1039 1247 1184 1320 πολλάκις
1212 1245 1231 1325 ἡ

208 1343 294 1426 ύδρλς
312 1343 454 1426 λεγομένη
472 1344 505 1406 έν
523 1350 563 1428 τῷ
582 1342 663 1427 αύτῷ
686 1349 807 1428 ποταμῷ
827 1344 1013 1425 τυγχάνουσα
1035 1341 1084 1404 καί
1106 1345 1232 1424 μορφὴν
1292 1401 1293 1404 ,

208 1442 315 1522 ἔχουσα
347 1441 438 1515 κυνὸς
465 1441 589 1527 τοιούτω
616 1441 727 1525 τρόπῳ·
758 1441 791 1503 τό
818 1440 873 1522 γάρ
901 1439 994 1520 στόμα
1023 1442 1187 1522 διανοίγων
1215 1442 1230 1504 ὁ

207 1540 390 1619 κορκόδηλος
412 1537 462 1600 καί
485 1539 563 1600 ούτω
586 1538 757 1617 καθεύδων,
779 1535 799 1616 ἡ
823 1537 908 1619 ύδρλς
930 1538 973 1612 είς
995 1537 1091 1618 πηλὸν
1113 1537 1231 1620 έγκυλι-
1293 1567 1294 1572 “

209 1633 322 1714 σαμένη
345 1634 395 1695 καί
418 1635 469 1696 διὰ
491 1644 543 1696 τού
567 1636 710 1714 στόματος
733 1635 825 1697 αύτοῦ
848 1635 923 1716 πρὸς
946 1636 1001 1715 τὴν
1024 1635 1149 1718 γαστέρα
1174 1661 1229 1717 χω-

169 1754 195 1794 ισ
208 1740 303 1890 ριρύσα
334 1730 527 1852 καλιταύτγιγ
560 1733 742 1890 διαρργῇξασιγ
775 1739 887 1891 θχῗιττον
921 1732 1062 1891 ἐξέρχεται
1094 1733 1144 1891 δὲιδι
1161 1744 1231 1892 ὧτέχς

209 1853 223 1891 ε
260 1855 280 1891 α
322 1852 355 1890 νε
393 1853 429 1892 ον
456 1851 547 1890 αυτον
571 1851 842 1891 καταιπανουα.
888 1853 926 1890 κα
965 1853 1056 1892 ταυτα
1119 1855 1137 1891 ν
1207 1855 1220 1894 ε

183 1991 186 1994 ,
209 1852 398 2010 πρρὸςςδέῒόι
421 1926 489 2007 ἑξῆς
512 1924 528 1988 ό
551 1926 637 2009 λόγος
660 1855 818 2007 βάδισάτω.
1083 1855 1104 1910 μ
1221 1879 1230 1911 ’

277 2024 417 2105 Πολέμου
444 2023 513 2088 ποιὲ
539 2024 794 2107 συγκροτηθέντος
822 2025 929 2104 μεταξύ
949 2019 1098 2105 Ῥωμαίων
1126 2049 1155 2087 τε
1180 2025 1230 2088 καὶ
1295 1997 1296 2000 ¹

210 2123 370 2205 βαρβάρων
391 2122 439 2184 έπλ
461 2122 517 2201 τὴν
535 2124 674 2203 Μυσίαν,
698 2121 826 2185 ὑπέθετο
846 2124 1018 2203 Μανρίκιος
1042 2121 1057 2183 ὁ
1081 2125 1230 2204 βασιλεύς,

171 2243 197 2283 ιο
211 2221 251 2294 ὥς
279 2239 387 2301 φασιν,
414 2227 454 2305 τῷ
479 2226 629 2304 στρατηγῷ
656 2226 696 2304 τῷ
720 2219 981 2282 καταπιστευθέντι
1010 2221 1043 2282 τὸ
1065 2215 1231 2300 Ῥωμαϊκὸν

211 2319 374 2400 στράτευμα
396 2319 584 2398 παραδοῦναι
606 2319 731 2391 τούτους
753 2324 815 2390 τοῖς
836 2319 986 2396 πολεμίοις
1009 2316 1060 2378 διὰ
1081 2316 1138 2397 τὴν
1160 2317 1231 2380 άντ-

210 2416 317 2496 αρσίαν
344 2414 457 2494 αὐτῶν,
485 2415 556 2496 ὅπερ
583 2424 637 2476 τοῦ
666 2425 830 2497 στρατηγοῦ
853 2414 1077 2488 ὑπακούσαντος
1103 2415 1154 2477 καὶ
1181 2416 1230 2498 γέ-

284 2616 389 2679 18-γ.
404 2615 465 2677 669,
482 2617 495 2664 1
515 2614 549 2680 cf.
567 2612 693 2682 Theoph.
705 2631 735 2682 p.
751 2618 811 2680 2⁷8,
827 2616 868 2667 30.

284 2786 298 2833 1
318 2779 366 2834 καὶ
385 2777 471 2850 μέγας
489 2780 574 2851 ίχδδς
591 2778 614 2832 Ε
638 2782 698 2849 (καλ
717 2780 802 2852 ἰχθύς
819 2781 867 2834 καλ
886 2779 956 2850 μέγα
974 2779 1071 2848 Eunt).
1093 2811 1127 2820 -·
1148 2785 1164 2833 3
1184 2800 1231 2849 με·

211 2849 289 2922 γίστη
308 2852 359 2906 καὶ
376 2871 429 2918 τρα
447 2859 492 2904 εῑα
509 2850 612 2904 ABPV
636 2854 705 2920 (μεγ.
724 2853 774 2906 καλ
792 2859 896 2921 παχεῖα
914 2851 1004 2920 Ευελ.)
1027 2851 1076 2905 καί
1097 2867 1148 2906 σοι.
1168 2851 1230 2906 roll.

211 2955 245 2964 —
265 2929 281 2976 4
300 2921 410 2992 τελευτὴ
426 2873 503 2976 &PR
513 2921 590 2975 Eunt.
609 2921 703 2991 τελετὴ
721 2921 781 2976 rell.
797 2953 831 2963 -
847 2928 862 2975 b
877 2921 992 2977 ἄνωθεν
1011 2922 1051 2983 εἰς
1064 2920 1141 2975 ABP
1151 2921 1231 2976 Euat.

212 2994 326 3049 ἄνωθεν
344 3009 395 3048 om,
414 2992 474 3047 rell.
495 3023 529 3033 -·
552 2997 568 3044 6
588 2992 674 3061 δρμαλ
692 2994 741 3047 καὶ
759 2989 848 3063 άκμοιί
865 2993 923 3047 RV.
943 3023 978 3033 --
1002 2993 1123 3062 μάχηται
1142 2993 1231 3048 ERV.

211 3097 247 3106 —
266 3071 297 3118 11
318 3063 399 3131 ύδρτς
417 3063 465 3118 ΟΕ
487 3065 588 3131 ύδριῆς
606 3064 638 3117 Δ.
664 3095 697 3104 -·
723 3069 755 3118 13
774 3062 894 3131 ύδριςΕ
918 3063 1017 3132 ύδριὴς
1034 3063 1066 3117 Δ,
1092 3094 1126 3103 -
1150 3064 1233 3134 ἐγκυ-

211 3134 342 3204 λισαμένη
367 3135 407 3196 εἰς
429 3134 518 3203 πηλὸν
537 3133 595 3188 RV.
620 3165 653 3174 —
680 3140 712 3188 18
731 3133 810 3206 ποτέ]
834 3135 865 3188 δέ
884 3134 906 3187 Ρ
930 3135 961 3189 δέ
979 3131 1041 3188 τότε
1059 3133 1118 3189 RV.
1144 3166 1178 3175 —
1203 3155 1233 3190 τε

211 3222 262 3260 om.
273 3206 295 3258 B
309 3213 336 3261 et
346 3204 411 3259 Exc.
422 3206 457 3259 de
471 3204 554 3259 insid.
566 3236 600 3245 —
610 3211 644 3259 22
655 3203 724 3273 ὅπερ
734 3206 783 3260 καί
792 3204 889 3276 γέγονε
898 3213 948 3260 τοῦ
958 3223 1049 3273 στρατ.
1059 3206 1199 3260 ύπακούσ.
1209 3207 1232 3260 Β

211 3284 261 3329 τοῦ
280 3292 371 3343 στρατ.
386 3275 601 3338 ὑπακούσαντος
614 3294 666 3330 om.
681 3277 779 3332 PExc.
794 3307 830 3316 -
844 3278 904 3348 καί]
924 3275 996 3331 ούτοι
1015 3276 1041 3331 V
1059 3293 1110 3331 om.
1125 3276 1159 3330 R.

286 3445 300 3492 1
320 3438 401 3509 ἄχρις
418 3441 527 3495 ΡΕαελ.
547 3476 580 3483 -
604 3448 636 3496 16
656 3445 705 3498 κοιλ
723 3453 810 3498 ταῦτα
821 3476 854 3485 -
866 3449 898 3497 17
919 3444 1060 3516 βαδισάτω
1080 3460 1129 3498 om.
1146 3444 1176 3500 P.
1198 3477 1232 3485 —

149 3553 153 3559 .
215 3514 318 3564 19-21
330 3508 486 3579 μαυρίκιος,
500 3511 537 3576 ὥς
547 3530 643 3581 φασιν,
656 3517 696 3586 τῷ
702 3519 845 3588 στρατηγῷ
855 3513 903 3570 ίνα
917 3516 949 3570 τδ
960 3511 1025 3585 ρωμ.
1036 3531 1128 3582 στρατ,
1137 3533 1233 3583 παρα·

215 3583 255 3651 δῷ
268 3587 327 3641 τοῖς
340 3582 400 3633 πολ,
412 3580 433 3633 Ρ
448 3582 492 3649 (cf.
503 3582 648 3652 Theoph.).
663 3615 694 3624 -
709 3589 742 3637 21
758 3582 925 3657 ἀνταρσίαν]
941 3583 1059 3650 ἀταξίαν
1073 3584 1232 3654 PTheoph.
