2617 3909
522 187 714 307 >nomon
1062 253 1129 319 645

181 399 241 462 Καλ
272 401 477 480 διεβλήθησαν
508 398 571 462 τότε
602 398 680 473 τινες
706 398 747 474 ὡς
774 399 1006 483 ἀρρενοφθόροι.
1052 401 1069 464 6
1096 401 1129 465 δὲ

110 498 251 579 βασιλεὺς
273 498 406 572 διάταξιν
429 498 614 577 ἐξεφώνησεν
637 498 763 579 ἔχουσαν
790 500 897 572 οὑτως·
925 500 1038 573 πάντας
1059 500 1129 574 τοὺς

110 594 340 677 εὑρισκομένους
366 596 437 670 τοὺς
465 592 518 675 μὲν
546 601 810 676 καυλοτομεῖσθαι,
836 606 896 657 τῶν
922 594 956 657 δὲ
978 598 1129 676 καλάμους
1188 674 1191 679 A

110 689 190 766 ὀξεῖς
211 692 408 772 ἐμβάλλεσθαι
431 694 473 767 εἰς
493 692 563 766 τοὺς
585 692 698 775 πόρους
720 702 780 754 τῶν
802 694 925 755 αἰδοίων
947 694 1057 775 αὐτῶν,
1079 694 1129 755 καλ
1234 715 1239 723 ’

111 790 191 851 οὑτω
217 790 291 851 κατὰ
321 790 377 869 τὴν
408 789 521 873 ἀγορὰν
551 790 686 872 γυμνοὺς
711 791 957 872 θριαμβκόεσθαι.
1003 792 1051 855 διδ
1077 792 1128 853 καλ
1155 812 1169 853 s
1220 822 1222 826 ¹

109 886 215 949 πολλοὶ
241 896 300 949 τῶν
328 889 511 969 μεγιστάνων
537 887 720 969 εὑρέθησαν,
747 898 807 950 τῶν
834 887 867 950 δὲ
893 887 1050 972 ἀρχιερέων
1072 890 1130 951 οῦκ

110 982 220 1066 ὀλόγοι,
251 984 302 1046 καλ
334 986 412 1047 οὑτω
443 987 650 1068 περιαγόμεναι
682 986 806 1068 οἰκτρῶς
837 985 1033 1066 ἐτελεύτησαν.
1078 986 1128 1049 καλ

109 1080 273 1163 γενομόνου
300 1082 401 1162 φόβου
428 1084 557 1165 μεγάλου
579 1084 612 1146 οἱ
636 1083 734 1145 λοιπολ
756 1082 1033 1166 ἐσωφρονίσθησαν.
1078 1084 1128 1145 καλ

110 1180 190 1259 μάλα
217 1179 349 1253 εἰκότως·
381 1178 554 1261 ὀλολυζότιο,
585 1182 641 1263 γάρ
669 1198 779 1260 φησιν,
806 1184 894 1255 πίτυς
924 1182 969 1243 ὅτι
995 1181 1128 1244 πέπτωκε

110 1276 226 1359 κέδρος,
248 1272 327 1339 τοῦτ’
348 1278 409 1339 ἔστι
435 1288 495 1340 τῶν
521 1280 649 1360 ἰσχυρῶν
672 1278 723 1340 καλ
746 1280 880 1360 μεγάλων
901 1280 1071 1341 πιπτόντων
1092 1280 1128 1340 τὰ
1141 1299 1168 1340 ιο

109 1372 308 1455 ἀσθενέστερα
338 1374 592 1437 παιδευέσθωσαν.
637 1377 716 1438 οὑτω
747 1398 780 1458 γε
811 1376 872 1456 μὴν
902 1375 953 1438 καλ
985 1375 1002 1438 6
1033 1376 1128 1456 σοφός

111 1470 200 1553 λέγει·
228 1482 287 1533 τῶν
316 1471 432 1552 ἀσεβῶν
459 1474 627 1536 πιπτόντων
655 1475 766 1535 δίκαιοι
791 1475 960 1554 κατάφοβοι
985 1476 1127 1557 γίνονται.

111 1570 175 1630 καί·
208 1574 314 1649 λοιμοῦ
346 1570 580 1653 μαστιγουμένου
612 1569 720 1654 άφρων
748 1572 983 1655 πανουργότερος
1008 1575 1127 1655 γίνεται.

175 1660 218 1728 Ἦ
239 1668 343 1729 τοίνυν
375 1670 568 1749 μυσαρωτάτη
599 1668 651 1731 καλ
682 1670 837 1749 λυσσώδης
863 1671 940 1749 αῦτη
967 1670 1017 1731 καλ
1046 1670 1128 1751 παρὰ

111 1765 206 1843 φύσιν
238 1762 365 1847 ἁμαρτία
396 1767 501 1848 πρώην
534 1766 593 1830 ὑπὸ
625 1766 774 1847 Σοδόμων
811 1767 1046 1850 διαπραττομένη
1077 1767 1128 1830 καλ
1142 1788 1261 1829 πειτα.

106 1862 208 1943 ὥσπερ
231 1884 275 1937 τις
298 1862 386 1943 φωνὴ
404 1862 583 1946 ἀνερχομένη
603 1864 653 1925 καλ
676 1867 777 1945 βοῶσα
794 1865 827 1927 τδ
846 1864 973 1946 μέγεθος
990 1875 1043 1944 τῆς
1060 1864 1127 1926 ἀσε-

110 1962 193 2040 βείας
211 1961 253 2034 εἰς
271 1960 306 2021 τά
326 1954 386 2022 ώτα
408 1964 515 2043 κυρίου
533 1962 682 2042 Σαβαώθ,
705 1962 834 2040 ἔφασκεν
856 1960 873 2023 6
894 1962 988 2023 πολλὰ
1009 1972 1127 2042 πρῶτον

75 2131 78 2137 ’
184 2155 252 2205 1-8
266 2151 301 2217 cf.
316 2148 382 2205 nal.
395 2167 424 2219 ρ,
434 2154 495 2215 τεο,
507 2154 523 2203 ε
537 2149 663 2217 Theoph.
676 2166 704 2219 ρ,
721 2154 781 2216 ττι,
793 2155 825 2203 11
840 2150 896 2203 neo
911 2148 956 2203 nr.
968 2166 998 2217 p.
1013 2154 1127 2217 128,st

110 2253 147 2261 -
166 2226 181 2274 9
201 2220 283 2275 Znoh.
300 2226 343 2289 11,
357 2226 382 2273 2.
402 2252 436 2261 -
457 2226 489 2273 12
508 2220 588 2275 Prov.
604 2225 646 2286 29,
663 2224 704 2273 16.
725 2252 759 2259 -
779 2227 812 2273 13
831 2219 1026 2285 Prov.19,25.

185 2394 199 2441 1
218 2388 268 2442 καλ
286 2387 411 2459 διεβλήθ.
431 2387 474 2456 (δὲ
490 2388 553 2443 add.
569 2387 602 2458 E)
620 2385 683 2443 τότε
700 2388 775 2450 τινὲς
793 2390 877 2457 (τινες
894 2385 956 2443 τότε
971 2386 1001 2456 C)
1016 2387 1128 2441 anR

109 2456 173 2515 τότε
191 2458 234 2529 (δὲ
252 2459 316 2513 add.
332 2458 366 2527 G)
385 2458 576 2531 διεβλήθησάν
595 2478 669 2520 τινες
686 2458 767 2513 BGV
789 2458 980 2530 διεβλήθησαν
1004 2458 1036 2514 δέ
1052 2478 1128 2522 τινες

112 2537 173 2598 (ουτ.
193 2526 265 2600 τότε)
288 2530 318 2583 L.
345 2562 378 2569 —
407 2535 422 2583 2
446 2530 513 2591 τοῦς
534 2530 679 2591 τοιούτους
701 2528 916 2599 εὑρισκομένους
937 2531 959 2584 L
981 2532 1047 2593 τοὺς
1069 2531 1126 2597 εὑρ.

111 2598 346 2670 ἀρρενοφθόρους
358 2601 381 2653 Β
399 2602 465 2663 τοὺς
479 2601 535 2669 εὑρ.
551 2600 591 2669 εἰς
603 2600 655 2670 τὴν
668 2602 801 2671 τοιαύτην
819 2601 973 2673 βδελλυρδιν
986 2603 1035 2657 καλ
1049 2602 1127 2671 παρά

111 2674 199 2742 φάσιν
222 2671 323 2743 ἐσχράν
345 2672 449 2741 πρᾶξιν
469 2671 500 2726 G.
525 2703 558 2713 -
582 2678 598 2727 ῦ
619 2672 671 2741 τὴν
691 2672 881 2743 ἀγορὰν-μ.
896 2678 958 2742 647,
972 2680 1006 2727 22
1025 2672 1126 2743 ἐτέχθη

110 2760 163 2799 om.
181 2742 212 2797 G.
232 2774 266 2783 —
286 2749 301 2796 b
320 2747 500 2813 γυμνοῦσθαι
517 2744 566 2797 καλ
583 2745 810 2815 θριαμβεόεσθαι
829 2743 855 2798 V
870 2750 896 2799 ελ
912 2760 983 2799 rece.
998 2744 1127 2798 nonnulli

110 2818 290 2885 γυμνοῦσθαι
308 2814 357 2869 καλ
375 2831 425 2869 om.
440 2830 510 2868 rece.
524 2813 584 2869 rell.
600 2846 634 2855 —
649 2820 666 2867 9
681 2832 768 2885 φησιν
786 2832 837 2871 οτι,
852 2815 916 2869 NR.
931 2846 967 2856 -
982 2820 1016 2868 13
1030 2831 1126 2884 μαστι·

111 2884 231 3011 γρμένου
254 2884 308 3011 CXI
328 2883 537 3010 μαχτιγωμόγχου
561 2885 588 2939 N
610 2886 811 2956 μαστιζομένοα
835 2885 911 2939 Suid.
935 2903 959 2940 ο.
980 2883 1125 2950 όλολυζέτω

109 2976 131 3011 π
145 2976 201 3019 τυς.
222 2988 255 2997 -
328 2974 365 3024 πρ
383 2975 464 3025 τερον
511 3000 517 3010 .

184 3130 261 3179 1-9
285 3127 325 3179 nic
346 3126 379 3179 τίτ
396 3124 431 3179 Ρε
454 3126 529 3189 τινες
550 3124 582 3181 δὲ
606 3123 807 3196 διαβληθέντες
828 3125 867 3186 ὡς
886 3125 1042 3193 ἀρρενοφθ.
1063 3124 1126 3178 διά-

109 3196 191 3261 ταξιν
215 3195 370 3265 ἐξεφώνησε
388 3196 454 3257 τοὺς
477 3196 691 3266 εὑρισκομένους
718 3194 789 3251 οὑτω
816 3196 883 3259 τοὺς
904 3196 955 3264 μὲν
978 3199 1124 3265 καυλοτομ.

111 3268 177 3329 τοῦς
193 3268 224 3321 δὲ
239 3269 299 3320 καλ.
315 3266 354 3331 όξ.
369 3267 410 3330 εἰς
427 3268 492 3329 τοῦς
505 3265 611 3335 πόρους
625 3266 813 3339 ἐμβάλλεσθαι
830 3275 886 3321 τῶν
900 3264 1018 3322 αἰδοίων
1032 3268 1125 3321 αὐτῶν

109 3338 159 3391 καλ
173 3336 245 3392 οὑτω
259 3357 283 3391 κ.
299 3357 321 3391 τ.
333 3339 376 3409 ἀγ.
388 3339 505 3409 θριαμβ.
521 3338 566 3393 διδ
581 3339 678 3393 πολλοὶ
692 3339 809 3392 καὶτῶν
823 3335 946 3403 ἐνδόξων
960 3338 1008 3392 καλ
1021 3355 1124 3409 μεγιστ,

109 3406 273 3475 εὑρεθέντες
295 3409 344 3463 καλ
367 3417 422 3463 τῶν
445 3410 506 3479 ἀρχ.
528 3409 578 3462 καλ
600 3408 673 3464 οὑτω
695 3406 901 3477 τιμωρηθέατες
926 3407 1126 3477 περιαγόμενοι

110 3480 210 3540 δεινῶς
223 3480 288 3534 ἐτελ.
299 3480 348 3534 καλ
361 3477 510 3549 γενόμενος
523 3477 613 3571 φόβος
626 3478 714 3549 μέγας
726 3478 903 3549 ἐσωφρόνησε
916 3481 982 3541 τοῦς
995 3478 1124 3539 λοιποάς·

111 3550 160 3603 καλ
178 3568 204 3617 μ.
220 3549 270 3604 ελκ.
287 3582 321 3591 -
342 3556 374 3605 18
394 3551 509 3607 Pani..-
527 3568 689 3621 πανοῦργος
707 3549 739 3605 δδ
757 3551 826 3606 ἰδών
844 3551 972 3621 πονηρὸν
989 3550 1126 3617 τιμωροῦ-

110 3638 197 3690 μενον
214 3630 354 3688 κραταιῶς
372 3622 457 3684 αὑτὸς
474 3622 638 3677 παιδεόεται
657 3621 746 3690 (I'rov.
761 3628 805 3691 22,
819 3625 854 3692 3).
