2617 3909
181 227 246 292 538
491 229 678 282 ΡΕΩΡΓῙΟΤ
695 230 879 282 ΜΟΝΔΧΟΤ

180 378 257 460 γίας·
285 374 371 457 ἡμεῖς
398 376 466 457 μίν,
494 371 518 439 ὦ
544 378 708 460 πρεσβῦτα,
735 376 787 439 τόν
813 378 903 439 πλείω
931 377 1106 458 βεβιωκότες
1127 380 1198 458 βίον

181 475 385 558 ἀκριβέστερον
411 475 462 538 καλ
489 476 544 556 τὴν
571 473 764 558 ἀνθρωπείαν
790 475 943 554 ἐμάθομεν
966 476 1060 554 φόσιν
1086 475 1138 536 καλ
1160 475 1198 536 τὰ

180 585 239 638 τῶν
271 574 439 636 ἀντιπάλων
472 573 623 654 δαιμόνων
654 573 784 655 ἔγνωμεν
813 566 847 635 εὐ
879 574 957 653 μάλα
988 573 1198 654 μηχανήματα,

180 675 266 758 πείρα
290 671 322 735 δὲ
344 671 394 733 καί
416 672 471 752 την
493 681 546 752 τῆς
568 672 685 754 χάριτος
706 670 907 752 ἐδιδάχθημεν
924 672 1075 752 χορηγίαν.
1102 664 1198 732 οὗτοι

61 798 101 836 ιιο
109 795 139 834 ιι.
155 794 166 834 ι
181 769 213 833 δὲ
235 769 298 833 νέοι
322 768 403 843 όνιες
424 768 475 830 κοιλ
497 770 610 831 τούτων
633 767 722 831 οὐδὲν
743 768 872 849 ἀκριβῶς
894 768 1080 849 ἐπιστάμενοι
1102 791 1197 830 πνευ-

182 866 385 950 ματικωιέροιν
407 866 533 928 ἀκοῦσαι
555 867 651 950 λόγων
673 867 711 929 οὐ
733 864 886 948 φέρουσιν.
922 867 1035 928 οὐκοῦν
1051 865 1116 929 είπέ
1134 890 1199 947 μοι,

181 976 244 1039 πῶς
267 988 341 1044 φατε
363 964 413 1026 καλ
435 964 467 1026 τό
490 964 626 1027 ἐναντίον
647 973 764 1044 πνεῦμα
786 963 952 1048 ὑποχωρεῖν
973 963 1024 1026 καί
1045 975 1099 1027 τοῦ
1117 988 1197 1026 παν-

181 1065 268 1146 αγίου
300 1064 466 1142 πνεύματος
498 1062 552 1142 τὴν
584 1064 670 1145 χάριν
701 1062 859 1141 ἐπιφοιτᾶν
890 1063 941 1124 διὰ
971 1073 1025 1143 τῆς
1055 1062 1199 1144 ὑμετέροις

181 1161 269 1242 εὐχῆς
300 1161 350 1222 καλ
381 1160 606 1241 ἐπιτηδεύσεως;
639 1159 655 1222 δ
684 1159 716 1222 δέ
747 1166 809 1233 τοῖς
840 1161 938 1242 λόγοις
964 1161 1080 1235 τούτοις
1106 1184 1196 1222 κατα

143 1284 169 1324 ιο
182 1258 320 1340 θελχθελς
347 1259 484 1339 ἐξήμεσεν
512 1259 628 1320 ἅπαντα
657 1258 709 1320 τόν
731 1258 934 1341 κεκρυμμένον
957 1258 1005 1322 ίύν
1026 1258 1077 1320 καῖ
1099 1274 1196 1340 ψυχο

183 1359 304 1440 φθόρον
326 1359 378 1418 καί
399 1372 505 1436 φησιν·
530 1356 672 1436 οὐδεμίαν
696 1355 749 1436 μὲν
771 1357 804 1419 ἐκ
821 1366 876 1419 τοῦ
894 1358 1092 1437 βαπτίσματος
1110 1358 1196 1437 ἴσμεν

182 1453 327 1534 ιὀφέλειαν
349 1460 411 1528 τοῖς
434 1453 620 1534 ἀξιουμένοις
643 1453 826 1536 ἐγγίνεσθαι,
850 1455 947 1534 μόνην
970 1453 1002 1517 δέ
1024 1455 1080 1535 την
1101 1473 1196 1516 σπου·
1246 1463 1249 1467 ’

183 1554 271 1615 δαίαν
301 1551 392 1632 εὐχὴν
423 1550 475 1613 τὸν
506 1551 623 1613 ἐνοικον
649 1551 700 1614 καλ
727 1552 968 1632 συνουσιωμένον
995 1553 1122 1632 δαίμονα
1149 1551 1197 1626 ἐξ·

183 1651 328 1711 ελαύνειν·
358 1648 451 1711 ἕλκειν
478 1649 533 1732 γὰρ
562 1648 684 1712 ἕκαστον
711 1660 770 1712 τῶν
792 1649 969 1730 τικτομένων
992 1649 1024 1711 ἐκ
1047 1659 1100 1711 τοῦ
1122 1672 1196 1730 προ-

144 1771 169 1812 ιι
183 1749 310 1829 πάτορος
332 1747 428 1829 ὥσπερ
450 1747 506 1827 την
528 1749 622 1826 φύσιν
645 1749 723 1810 οὕτω
745 1749 784 1828 δὴ
811 1748 862 1810 καλ
884 1749 1021 1829 τὴντῶν
1044 1748 1198 1826 δαιμόνων

183 1846 330 1926 δουλείαν,
349 1837 391 1906 διν
409 1844 468 1906 ὐπὸ
486 1855 539 1926 της
558 1847 724 1919 σπουδαίας
737 1847 824 1928 εὐχῆς
838 1844 1042 1926 ἐλαυνομένων
1056 1845 1197 1929 ἐπιφοιτᾷ

183 1944 287 2006 λοιπὸν
315 1943 347 2005 τὸ
374 1944 522 2026 πανάγιον
548 1953 666 2024 πνεῦμα
688 1942 800 2026 ὁρατῶς
821 1943 871 2005 καί
893 1945 1045 2023 αἰσθητῶς
1067 1942 1117 2004 καλ
1139 1942 1197 2022 τὴν

183 2042 295 2104 οἰκείαν
317 2043 484 2123 παρουσίαν
507 2041 699 2124 φανερώτατα
721 2048 876 2121 σημαῖνον.
915 2040 966 2102 καλ
988 2042 1020 2104 τδ
1039 2039 1093 2120 μὲν
1110 2050 1198 2119 σῶμα

182 2150 235 2220 τῆς
258 2139 414 2220 ἐμπαθοῦς
436 2139 580 2218 κινήσεως
602 2139 697 2213 εὐθὺς
715 2139 921 2221 ἐλευθεροῦται
944 2144 1102 2218 παντελῶς,
1124 2136 1144 2217 ἡ
1163 2136 1198 2200 δὲ

145 2262 171 2301 ιο
184 2237 268 2318 ψυχὴ
291 2248 343 2318 τῆς
365 2236 413 2299 ἐπί
436 2236 471 2298 τά
494 2237 578 2318 χείρω
597 2247 708 2318 τροπῆς
725 2236 822 2300 τέλεον
840 2236 1058 2316 ἀπαλλάττεται,
1080 2234 1121 2310 όις
1139 2261 1197 2316 μη-

183 2335 242 2397 κέτι
266 2337 384 2397 δεῖσθαι
406 2334 511 2396 λοιπὸν
534 2335 606 2415 μήτε
628 2337 764 2415 νηστείας
786 2336 944 2414 πιεζοόσης
965 2335 998 2397 τὸ
1018 2344 1103 2414 σῶμα
1124 2333 1197 2412 μήτε

184 2434 373 2506 διδασκαλίας
396 2433 573 2514 χαλινούσης
595 2434 650 2512 τὴν
669 2433 772 2514 ψυχὴν
790 2432 839 2494 καλ
858 2434 909 2495 τδν
927 2441 1003 2494 νοῦν
1021 2431 1081 2494 ἀπὸ
1099 2432 1198 2511 πάσης

183 2529 338 2611 ἐνεργείας,
357 2541 490 2611 πονηρᾶς
512 2529 562 2591 καλ
584 2529 786 2611 ἐνθυμήσεως.
831 2530 868 2592 οὐ
891 2532 985 2610 μόνον
1008 2528 1040 2591 δὲ
1061 2540 1121 2591 τῶν
1143 2539 1197 2590 τοῦ

184 2627 317 2706 σώματος
347 2627 397 2688 καλ
429 2638 481 2708 της
512 2637 614 2710 ψυχῆς
641 2627 656 2692 ὅ
685 2638 818 2703 τοιοῦτος
849 2627 1056 2690 ἀπαλλάττεται
1087 2633 1197 2703 παθῶν

144 2747 170 2788 ιι
185 2724 339 2806 αἰσχίστων
366 2725 416 2787 καῖ
443 2726 661 2806 σκιρτημάτων,
688 2725 760 2788 ἀλλά
786 2726 837 2788 καλ
864 2725 899 2787 τὰ
926 2725 1066 2806 μέλλοντα
1093 2735 1197 2802 σαφῶς

183 2821 340 2904 προβλέπει
363 2822 412 2884 καλ
435 2823 490 2903 την
512 2821 600 2906 ἁγίαν
622 2825 726 2906 τριάδα
747 2823 995 2904 όφθαλμοφανῶς
1017 2830 1129 2904 θεωρεῖ
1146 2823 1197 2885 καῖ

257 3028 270 3075 1
286 3026 382 3078 πλεῖον
396 3022 421 3076 Β
439 3019 555 3078 πλείονα
569 3022 598 3076 L.
615 3055 648 3063 -
668 3027 684 3075 ὁ
700 3023 784 3078 οὐδὲν
798 3021 923 3094 ἀκριβῶς
933 3022 981 3075 PV
991 3021 1097 3077 Theod.
1116 3022 1195 3090 ἀκρι·

184 3095 240 3218 βὼς
253 3094 337 3148 οὐδὲν
351 3094 412 3147 τελλ.
427 3126 461 3134 -
477 3091 865 3163 πνευματικώτερον-λόγον
879 3093 960 3147 ERV.
975 3125 1009 3132 -
1028 3099 1045 3146 8
1064 3091 1197 3162 ὐμετέρας

212 3164 307 3218 EFLP
325 3170 351 3219 et
368 3163 393 3217 D
415 3166 462 3220 sed
484 3170 552 3220 m.2
574 3172 604 3220 αλ
627 3166 682 3219 vid.
701 3181 769 3220 corr.
797 3163 931 3235 ἡμετέρας
950 3163 1055 3218 AGNV
1076 3170 1102 3218 et
1124 3179 1195 3216 rece.

185 3235 302 3304 quidam
329 3235 433 3304 όμέρας
455 3238 514 3307 (εῖτ)
537 3253 607 3291 rece.
633 3235 692 3289 alii.
719 3267 754 3276 -
784 3241 816 3289 17
840 3235 982 3304 πανάγιου
1004 3234 1194 3300 ΑΒΡΤλιεοιλ.

185 3307 267 3377 άγιον
284 3305 343 3360 rell.
363 3337 398 3346 —
418 3312 450 3359 18
470 3304 611 3377 σημαίνων
629 3306 741 3361 AGLN.

258 3469 291 3518 16
310 3460 440 3518 δουλείαν
457 3462 577 3534 λέγωμεν
590 3465 613 3518 Ρ
632 3464 747 3533 (Τλιεοδ,
763 3466 854 3537 ἔλεγεν
865 3473 929 3535 poet
944 3465 1113 3536 τικτομένων
1125 3483 1149 3519 υ.
1162 3471 1195 3519 14

184 3538 321 3660 η’)κεώχρθο-ᾱῠ
338 3540 372 3588 25
393 3543 488 3602 σαφῶς
509 3535 544 3588 τὰ
567 3535 700 3605 μέλλοντα
717 3535 854 3591 ΡΤλιεοιλ.
879 3569 912 3577 -
937 3542 970 3591 26
989 3536 1086 3609 άγίαν]
1109 3534 1195 3591 θείαν
