2617 3909
363 1071 409 1156 [ι’.
443 1074 530 1159 Περὶ
556 1071 853 1157 Οὐεσπασιανοῦ]

167 1198 256 1260 Μετδι
280 1198 311 1261 δέ
333 1198 484 1261 Οόιτέλιον
501 1199 691 1279 ἐβασίλευσεν
712 1199 944 1280 Οὐεσπασιανός,
966 1200 1032 1273 υίὸς
1049 1199 1110 1263 Νέ-
1124 1215 1163 1255 28⁵
1177 1216 1207 1254 Μ.

100 1320 210 1379 ρωνος,
233 1297 282 1376 ἔτη
306 1294 351 1358 θ’.
390 1294 423 1369 ὃς
446 1297 478 1359 ἐν
501 1306 535 1381 τῇ
557 1292 686 1381 Ἰουδαία
710 1297 848 1375 στεφθελς
871 1296 953 1359 άκαν
974 1297 1034 1360 ὑπὸ
1056 1308 1110 1359 τοῦ

101 1404 224 1477 στρατοῦ
257 1394 306 1456 καὶ
337 1396 379 1469 εἰς
401 1390 516 1475 Ῥώμην
544 1394 716 1457 ἐπανελθὼν
748 1395 899 1475 ἐνεχείρισε
930 1394 982 1455 τὸν
1009 1394 1042 1457 ἐν
1073 1405 1109 1479 τή

96 1487 227 1577 Ἰουδαίᾳ
249 1493 376 1573 πόλεμον
399 1500 438 1578 τῷ
457 1494 512 1577 υἱῷ
532 1494 624 1555 αότοῦ
646 1494 728 1579 Τίτῳ.
774 1490 843 1555 ὅδὲ
865 1493 998 1574 πύργους
1019 1516 1108 1553 κατα·
1138 1516 1149 1555 ο

100 1591 245 1664 σκευάσας
271 1590 328 1651 ἀνά
356 1602 459 1672 πηχῶν
485 1589 517 1652 ν’
544 1591 575 1652 τδ
604 1592 685 1669 όψος
711 1592 830 1671 ἔχοντας
856 1590 906 1651 καί
928 1590 1038 1664 πολλάς
1060 1590 1110 1652 καί

100 1690 265 1769 διαφόρους
291 1688 435 1763 ἑλεπόλεις
462 1690 650 1770 παραστήσας
677 1688 727 1750 καί
749 1690 871 1770 διχόθεν
893 1690 1055 1750 τύπτεσθαι
1077 1690 1109 1751 τό

99 1792 191 1867 τεῖχος
214 1788 377 1867 προστάξας
396 1788 465 1860 τοὺς
480 1782 643 1859 Ἰουδαίους
661 1786 693 1847 ἐκ
711 1796 764 1849 τοῦ
783 1788 900 1867 πρώτον
919 1788 1031 1866 τείχους
1050 1792 1110 1859 τοῖς

99 1883 270 1964 λιθοβόλοις
292 1882 420 1958 καὶτοῖς
442 1889 556 1957 λοιποῖς
574 1871 694 1963 ἐξήλασε
716 1886 932 1966 μηχανήμασιν.
969 1883 1110 1965 καὶπρὸς

100 1982 131 2043 τὸ
165 1982 301 2063 δεύτερον
333 1987 425 2062 τεῖχος
458 1982 677 2063 καταφυγόντες
708 1982 848 2044 κάκεῖθεν
879 1983 968 2043 πάλιν
1000 1980 1110 2061 δμοίως
1125 2005 1150 2044 ιο

99 2078 314 2152 άπελασθίντες
344 2078 425 2161 μέχρι
452 2088 504 2141 τοῦ
531 2081 629 2161 τρίτου
656 2082 769 2161 τείχους
795 2080 958 2160 ἐπολέμουν
986 2080 1111 2161 ἰσχυρῶς

99 2176 223 2238 ἐκεόθεν.
262 2176 311 2237 καί
334 2176 493 2258 γενομένης
516 2188 655 2260 καρτεράς
673 2188 726 2258 τής
744 2180 838 2259 μάχης
856 2178 975 2239 ἔπιπτεν
993 2177 1024 2251 ἐξ
1042 2176 1110 2237 ἕκα-

99 2273 184 2357 τέρας
206 2275 392 2354 παρατάξεως
414 2280 532 2354 πλῆθος
554 2274 684 2356 άπειρον.
729 2278 761 2337 οἱ
781 2275 814 2338 δὲ
835 2276 1028 2357 πονηρότεροι
1050 2284 1110 2335 τῶν

98 2366 266 2452 Ἰουδαίων,
294 2374 325 2433 οί
349 2372 398 2434 καί
426 2372 593 2433 στασιασταί
620 2372 793 2454 κληθέντες,
821 2376 924 2447 δεινῶς
946 2373 1001 2453 τήν
1023 2372 1111 2434 πόλιν

100 2470 219 2530 άπασαν
241 2468 424 2551 κατέτρυχον.
467 2470 498 2531 εἴ
514 2492 573 2531 που
595 2469 651 2553 γάρ
673 2471 880 2551 κεκλεισμένην
900 2472 1000 2552 θύραν
1018 2465 1108 2550 εἶδον,
1124 2493 1149 2532 15

100 2567 211 2645 ταάτην
237 2569 450 2650 συντρίψαντες
477 2568 639 2647 εἰσεπήδων
666 2568 716 2630 καὶ
738 2570 770 2632 ἐκ
792 2580 852 2631 τῶν
874 2570 1039 2651 φαρόχχοον
1058 2568 1110 2629 τὸν

99 2666 208 2744 ψωμὸν
231 2664 443 2745 ἀναθλίβοντες
465 2665 604 2747 ήρπαζον.
641 2665 692 2727 καὶ
709 2664 847 2748 γέροντας
865 2664 918 2745 μέν
936 2665 1109 2746 ἐβασάνιζον
1123 2680 1162 2720 286
1177 2680 1208 2718 Μ.

99 2762 311 2843 ἀντεχομένους
333 2772 456 2845 τροφῆς,
479 2770 622 2844 γυναῖκας
644 2762 676 2825 δέ
699 2763 757 2825 άπὸ
779 2774 832 2844 τής
854 2763 948 2843 κόμης
966 2762 1109 2845 ἐσπάρατ-

171 2958 249 3006 3-5
268 2953 302 3020 ef.
322 2952 385 3005 Eus.
405 2952 469 3005 hist.
490 2952 666 3020 οοο1.ΠΙ,5.
689 2984 722 2992 -
748 2958 850 3021 13-μ.
867 2957 932 3019 384,
951 2958 968 3005 4
988 2953 1022 3020 ef.
1043 2951 1107 3004 Eue.

98 3024 168 3078 Hist.
190 3023 256 3079 οοο1.
276 3023 326 3088 ΙΠ,
347 3030 375 3091 6,
391 3029 407 3077 6
426 3041 459 3078 εκ
476 3024 532 3077 Jos.
552 3024 620 3078 Bell.
638 3022 673 3091 V,
687 3029 739 3077 431
750 3042 804 3093 sqq.

171 3208 186 3255 2
206 3200 392 3257 οόιτέλειονΒ
411 3200 546 3256 λοντέλιον
560 3200 606 3255 AO
625 3200 792 3256 ίουστέλειον
805 3201 842 3254 Μ.
860 3232 893 3241 -
913 3197 1110 3262 οόεσπεσιανός

98 3272 158 3326 ER.
174 3304 208 3312 -
227 3271 288 3333 υίὸς
306 3270 427 3339 νέρονος
444 3290 512 3327 eras.
526 3274 557 3326 ι’νι
571 3273 596 3326 Α
614 3290 664 3327 om.
679 3271 712 3326 V.
727 3304 761 3312 -
781 3278 796 3326 6
815 3273 864 3325 καλ
878 3279 940 3326 ουλε
954 3270 1110 3340 διαφόρους

97 3361 148 3397 om.
163 3342 220 3396 FN.
235 3374 271 3383 —
291 3348 305 3396 7
324 3343 372 3396 καλ
388 3360 438 3398 ουτ.
453 3343 486 3397 N.
503 3375 535 3383 -
556 3350 587 3397 11
608 3342 813 3405 άπελασθέντες
826 3342 904 3398 AGN
922 3342 1110 3402 ἀπελαθέντες

98 3413 195 3468 FLRV
218 3412 429 3475 άπελθόντεςΒ
451 3414 644 3478 ἐξελασθέντες
663 3414 693 3468 Ε,
715 3446 750 3455 -
772 3420 804 3469 12
824 3416 941 3469 ἐκεῖθεν.
966 3432 1057 3483 χενομ.
1077 3414 1108 3467 δὲ

98 3505 175 3553 καρτ.
192 3485 246 3540 CF.
263 3517 296 3525 -
310 3494 359 3555 τῆς
373 3502 422 3539 om.
438 3485 519 3539 FRV.
535 3518 568 3527 -
585 3491 625 3539 12.
637 3492 670 3539 13
684 3486 756 3541 έκατ.
769 3493 817 3555 τῆς
830 3484 1011 3553 παρατάξεως
1024 3483 1058 3539 Ν.
1074 3514 1109 3521 -

100 3562 132 3611 16
147 3556 314 3623 ελσεπήδοον
329 3557 453 3627 (ελοεπιδ.
468 3556 533 3623 AM)
548 3558 627 3611 codd.
639 3564 749 3625 praeter
761 3556 818 3610 BV.
846 3560 884 3610 Ινι
897 3556 921 3609 D
935 3573 968 3608 νε.
979 3558 998 3608 2
1012 3557 1043 3609 ἐκ
1056 3571 1107 3623 my.

99 3630 155 3682 δων
175 3629 263 3683 adser.
284 3659 316 3667 -
336 3628 471 3697 φαρόχων
490 3627 542 3681 DV
560 3646 627 3684 corr.
642 3630 675 3681 τ’ντ
691 3627 715 3680 D
732 3645 800 3683 nese.
815 3645 839 3696 q.
854 3645 889 3682 m.

153 3726 296 3777 Georgius
310 3726 468 3769 Monachus
483 3728 518 3768 ed.
534 3728 561 3768 δο
575 3728 642 3767 Boot.
664 3726 696 3766 IL
915 3717 947 3765 25

471 3770 742 3883 164045
