2617 3909
529 231 717 281 Χοοαικοο
1071 231 1134 294 737

113 375 195 436 οἵτε
214 382 294 438 θεῖοι
316 378 414 450 κίονες
437 376 487 438 καί
510 379 544 438 αἰ
559 379 655 439 σολίαι
674 378 862 457 καλούμεναι,
886 376 905 438 ἀ
926 378 958 440 τὸ
976 381 1137 460 σεβάσμιον

113 483 171 535 τοῦ
191 475 273 553 έεροῦ
297 476 501 555 διατειχίζουσι
521 475 746 555 θυσιαστήριον.
788 475 836 537 καλ
856 476 912 558 χδιρ
931 475 1033 538 οὐδενί
1051 476 1137 562 έτέρφ

112 572 195 656 λόγῳ
214 571 234 652 ή
253 582 306 634 τοῦ
324 579 561 654 προσκυνεῖσθαι
582 574 702 647 πάντως
725 575 823 636 εῖνεκα
846 575 906 653 άμα
927 582 967 659 τῷ
981 592 1137 654 συμπαρα-

114 669 243 756 κειμένφ
266 680 320 732 τοῦ
338 680 468 750 σταυροῦ
488 672 572 755 τύπῳ
594 671 723 752 εὐσεβῶς
741 671 874 752 ἀρχῆθεν
892 672 1026 734 ἐνταῦθα
1048 679 1138 734 καθι-

114 768 283 847 στόρηνται.
1166 793 1178 833 5

184 861 260 927 'Au’
286 868 304 928 ό
328 889 359 947 γε
387 867 583 949 θηριόννμας
611 868 661 929 καί
690 869 898 949 λεοντότροττος
925 878 1016 929 ταῦτα
1043 891 1138 950 παρα-

114 965 312 1044 χραψάμενος
329 965 427 1028 πάντα
444 965 586 1027 ἔσπενδεν
610 966 654 1027 ότι
674 968 797 1045 μάλιστα
815 977 913 1027 πᾶσαν
932 968 1021 1028 θείαν
1039 967 1139 1029 εἰκόνα

115 1061 331 1144 καταστρέφειν
347 1062 398 1124 καί
412 1064 493 1147 λήθῃ
509 1065 619 1148 βαθείᾳ
637 1063 853 1144 παραπέμπειν.
895 1065 986 1149 ταύτῃ
1005 1088 1051 1126 τοι
1068 1071 1139 1126 θεο-

116 1171 221 1241 μαχῶν
244 1160 293 1222 έπί
312 1161 410 1240 δήμου
428 1171 551 1222 τοιαῦτα
573 1162 795 1242 κατατολμήσας
814 1161 830 1224 δ
849 1162 1046 1242 έμβρόντητος
1065 1184 1139 1243 παρ-

117 1258 288 1339 ρησιάζεται
309 1257 414 1341 λέγων·
439 1259 537 1339 ὥσπερ
560 1251 616 1321 οὖν
635 1259 745 1321 ἐκτῶν
764 1257 866 1337 ὄψεων
885 1259 981 1339 ὑμῶν,
1004 1259 1138 1339 ἀδελφοί,
1153 1283 1179 1322 ιο

115 1356 171 1429 τὰς
193 1355 311 1430 εἰκόνας
337 1356 613 1437 έξωλοθρεύσαμεν,
641 1358 719 1419 οὕτω
748 1358 785 1436 δή
814 1356 864 1419 καί
892 1357 923 1418 έκ
949 1368 1008 1419 τῶν
1031 1368 1138 1439 ψυχῶν
1152 1381 1191 1421 οεο
1208 1380 1237 1417 M.

119 1454 207 1533 ὑμῶν
230 1454 432 1535 περιαιρήσειν
454 1455 538 1534 ὑμεῖς
566 1453 606 1528 ὡς
631 1460 708 1517 θεοῦ
735 1455 785 1518 καί
813 1464 866 1517 τοῦ
889 1454 1031 1536 βασιλέως
1059 1457 1141 1534 φίλοι

118 1552 171 1614 καί
190 1553 293 1614 δοῦλοι
311 1552 505 1614 σπουδάσατε.
546 1552 671 1635 καὶγὰρ
690 1550 706 1614 ὃ
726 1553 824 1635 μωρὸς
844 1553 927 1635 μωρδι
945 1553 1073 1633 λαλήσει,
1091 1553 1141 1614 καλ

120 1649 140 1729 ή
169 1650 278 1731 καρδία
305 1650 398 1712 αὐτοῦ
431 1650 539 1729 μάταια
571 1651 673 1730 νοήσει
701 1662 753 1714 τοῦ
782 1656 930 1712 συντελεῖν
962 1649 1060 1730 ἀνομα
1091 1650 1141 1712 καί

118 1754 218 1809 λαλεῖν
240 1749 315 1828 πρός
338 1748 444 1827 κύριον
466 1750 624 1828 πλάνησιν.
665 1749 831 1812 κάντεῦθεν
849 1750 953 1811 τοίνυν
974 1748 1044 1821 τοὺς
1062 1749 1140 1830 εύρι-
1156 1771 1180 1810 τι

118 1845 284 1924 σκομένους
301 1847 421 1928 ἔχοντας
438 1848 540 1909 εἰκόνα
554 1852 687 1930 Χριστοῦ
705 1845 725 1926 ή
742 1870 823 1920 τινος
842 1846 929 1928 διχίου
947 1845 996 1907 καί
1011 1864 1141 1926 προσκυ-

120 1953 250 2017 νοῦντας
264 1946 376 2018 δειναῖς
390 1947 543 2027 τιμωρίαις
559 1945 609 2006 καλ
623 1947 759 2008 κολάσεσι
778 1946 963 2018 κατεδίκαζεν
978 1941 994 2004 δ
1009 1943 1141 2023 ἀλάστωρ

120 2041 172 2106 καί
186 2044 358 2123 αίμοβόρος,
375 2043 426 2104 καί
444 2044 522 2105 οῦτω
538 2045 789 2124 κρεονομούμενοι
802 2038 876 2104 καθ’
888 2041 1015 2120 ἑκάστην
1029 2039 1142 2121 ἡμέραν

121 2141 172 2201 καλ
200 2141 421 2219 καταθυόμενοι
449 2142 656 2220 διεφθείροντο
685 2149 835 2219 πανταχοῦ
864 2141 895 2200 οί
915 2142 1066 2220 θεοσεβεῖς
1088 2137 1141 2200 ἀν-

121 2247 249 2319 θρωπυι.
295 2238 460 2300 καὶταῦτα
483 2237 537 2317 μέν
560 2239 633 2300 κατὰ
656 2248 716 2299 τῶν
739 2236 986 2317 όρθοδοξούντων
1009 2236 1141 2315 ἀφειδῶς
1155 2260 1182 2298 εο

123 2337 173 2398 καί
196 2335 409 2417 ἀπανθρώπως
432 2336 626 2417 διεπράττετο,
648 2336 723 2398 κατὰ
741 2335 773 2398 δὲ
792 2345 851 2397 τῶν
869 2335 902 2397 ἐν
920 2334 992 2398 τέλει
1015 2335 1142 2396 καὶτῶν

122 2433 332 2515 εὐπορωτέρων
360 2433 454 2514 ἀλλην
478 2433 615 2497 ἐπίνοιάν
637 2458 704 2496 τινα
731 2434 868 2516 πονήράν
895 2433 911 2496 ό
934 2433 1066 2515 πονηρὸς
1093 2432 1142 2494 καί

123 2533 320 2613 παμμήχανος
342 2532 547 2613 ἐμηχανήσατο
575 2533 757 2613 βουλόμενος
785 2532 894 2606 αὐτούς
921 2531 1066 2604 ἐλεεινοὺς
1094 2530 1143 2592 καί
1255 2582 1258 2587 .

125 2629 253 2710 πένητας
267 2629 501 2712 ἀπεργάσασθαι.
532 2632 561 2691 τί
572 2630 629 2711 γὰρ
643 2636 735 2705 ποιεῖ;
754 2631 860 2703 αἰτίαις
875 2629 984 2702 αύτούς
998 2628 1143 2707 ἀφύκτοις

196 2819 228 2866 13
248 2812 303 2866 σοι.
319 2817 362 2879 ετ,
378 2818 401 2864 6.

197 2980 211 3027 1
232 2971 323 3027 σολίαι
332 2972 383 3026 AV
397 2970 491 3026 σολέαι
504 2973 530 3025 R
549 2969 695 3026 σολαλαιθι
710 2969 809 3025 σωλαίε
824 2969 845 3024 G
865 2974 982 3024 σωλαῑαι
994 2972 1066 3039 (σωλ.
1077 2969 1142 3024 inl)

125 3047 156 3099 ιἰι
179 3047 235 3098 σολ.
254 3051 335 3111 τινα,
358 3046 492 3099 incertum
515 3060 554 3097 απ
572 3061 658 3097 ποκα
680 3044 799 3110 λῶτανῖή
819 3041 881 3096 ΕΝ.
907 3074 939 3081 -
966 3047 981 3093 3
1001 3039 1100 3110 ήνεκεν
1119 3042 1143 3094 Α

126 3112 236 3171 εῖναικα
251 3114 279 3169 C.
295 3148 328 3155 —
347 3122 364 3169 4
379 3112 584 3182 καθιστόρηται
598 3113 631 3166 Ν.
648 3147 681 3170 -.-
698 3120 713 3167 6
732 3115 779 3167 καὶ
793 3111 993 3180 λευντότροπος
1006 3111 1066 3165 AN.
1095 3112 1143 3165 καλ

126 3205 175 3243 στα.
189 3186 250 3241 rell.
271 3218 304 3226 —
325 3192 375 3240 6.7
396 3185 490 3241 πάντα
509 3193 598 3239 ταῦτα
616 3204 737 3256 παραχρ.
754 3185 892 3239 ἔσπενθεν
912 3186 943 3237 Α.
964 3216 998 3224 ——
1022 3188 1036 3236 7
1056 3180 1143 3238 θείαν

127 3267 220 3313 πᾶσαν
233 3257 260 3311 V
277 3254 364 3312 θείαν
381 3273 432 3312 om.
447 3256 476 3310 C.
488 3269 530 3296 '-
551 3263 583 3309 11
604 3256 849 3325 έξωλοθρεύσαμεν
864 3255 948 3308 DER
966 3262 991 3311 τί
1007 3262 1039 3309 αδ
1051 3255 1105 3309 αἰεί.
1121 3254 1143 3306 L

128 3330 364 3397 ἰξολοθρεύσαμεν
382 3327 443 3382 rell.
468 3359 503 3368 -
527 3334 560 3380 12
579 3327 659 3396 ὑμῶν
678 3326 728 3380 GL
747 3335 772 3382 et
789 3327 813 3380 D
834 3331 901 3380 m.2
929 3325 1006 3395 ἡμῶν
1023 3325 1084 3380 rell.
1109 3358 1142 3365 —

128 3401 174 3454 καλ
191 3409 241 3455 τοῦ
247 3398 394 3524 Ιβασιλείας
411 3417 462 3454 om.
481 3397 541 3453 RV.
561 3431 594 3438 —
620 3396 698 3468 φίλοι
717 3399 766 3452 καλ
784 3401 882 3452 δοῦλοι
899 3398 955 3452 AM
978 3401 1075 3452 δοῦλοι
1096 3396 1143 3450 καλ

128 3469 203 3538 φίλοι
216 3488 247 3526 re
270 3514 277 3524 .
294 3503 326 3512 -
343 3477 375 3524 1⁷
391 3469 532 3540 κολάσεσι]
546 3470 666 3542 θανάτῳ
681 3470 713 3522 A.
728 3502 763 3510 -
779 3475 811 3523 18
826 3468 1067 3539 κρεωνομούμενοι
1081 3467 1142 3520 ER.

130 3575 161 3582 -
186 3549 218 3596 21
238 3553 294 3597 τῶν
317 3550 382 3597 ante
406 3539 604 3608 εὐπορωτέρων
629 3559 679 3597 om,
699 3541 757 3594 RV.
778 3573 812 3581 -
837 3546 870 3594 22
889 3539 1019 3609 πονηράν
1036 3559 1100 3594 τινα
1119 3537 1143 3593 D

127 3635 188 3667 τινα
207 3633 257 3667 om.
272 3615 309 3668 M.
