2617 3909
175 203 239 267 τος
487 200 674 254 mmor
692 171 874 252 ύουιεοτ
957 181 962 186 “

173 350 226 414 τὸν
244 343 373 433 Ἰσραήλ·
403 348 471 410 ίδού
493 347 596 430 κύριος
619 345 635 409 δ
659 345 731 424 θεός
754 364 809 408 σου
837 345 984 427 είσαγάγει
1007 364 1038 406 σε
1065 344 1108 420 είς
1132 353 1196 426 γῆν
1280 386 1281 418 η

173 449 296 530 ἀγαθὴν
318 445 369 508 καί
391 446 516 527 πολλήν,
537 437 575 524 ἧς
597 446 748 526 χείμαρροι
770 443 889 506 ύδάτων
909 441 960 504 καί
983 441 1076 524 πηγαί
1097 441 1196 523 ἀβύσ·

174 565 236 608 των
263 543 492 627 ἕκπορευόμεναι
524 543 574 604 διὰ
605 552 664 603 τῶν
695 543 808 604 πεδίων
839 540 890 604 καί
919 551 980 603 τῶν
1012 538 1122 623 ὀρέων,
1154 550 1195 622 γῆ
1281 580 1282 616 η

174 652 272 726 πυροῦ
299 641 349 704 καί
376 647 495 723 κριθῆς,
523 638 647 719 άμπελοι
674 638 725 700 καί
752 644 845 702 συκαῖ
867 638 918 701 καλ
944 637 1012 721 ῥοαί
1042 637 1094 700 καί
1123 640 1196 716 φοί-

149 761 269 821 ονικες,
295 749 334 822 γῆ
362 738 460 811 ἐλαίας
487 736 587 799 ίλαίον
614 735 665 798 καί
688 735 816 817 μέλιτος,
843 746 892 818 γῆ,
919 732 968 815 ἐφ’
991 728 1029 815 ἧς
1056 735 1093 798 ού
1122 735 1197 816 μετὰ

175 838 316 918 πτωχείας
343 845 425 921 φυγῇ
454 836 506 898 τὸν
528 833 618 916 άρτον
641 853 697 898 σου
724 833 774 896 καλ
802 835 839 898 ού
866 834 1004 919 δεηδήση
1031 826 1078 896 ἐπ’
1099 834 1196 918 αύνῖγς

176 935 281 1014 οὐδέν,
308 942 361 1015 γῆ,
388 925 426 1012 ἧς
449 934 481 994 οί
500 933 583 994 λίθοι
605 934 742 1014 σίδηρος,
769 931 820 993 καί
842 931 956 994 ἐκτῶν
979 930 1072 1014 ὀρέων
1099 933 1196 1014 αὐτῆς

176 1031 354 1116 μεταλλεύση
376 1031 500 1112 χαλκόν,
528 1040 566 1111 γῆ
589 1029 699 1112 ρίουσα
720 1031 795 1112 γάλα
822 1029 872 1092 καλ
898 1028 976 1110 μέλι,
1004 1031 1111 1112 κηρίον
1134 1030 1195 1093 ἐστὶ

175 1127 256 1210 παρὰ
282 1138 382 1191 πᾶσαν
408 1127 464 1207 την
485 1137 554 1210 γῆν,
577 1137 631 1209 γη,
659 1125 698 1206 ἣν
725 1129 828 1212 κύριος
851 1127 867 1190 ὁ
891 1127 963 1202 θεός
991 1146 1047 1190 σου
1074 1128 1195 1191 ἐπισκο-

137 1248 164 1288 ιο
177 1231 272 1287 πεῖται
295 1225 390 1305 ταύτην
413 1225 463 1288 διὰ
482 1225 603 1304 παντός,
625 1224 677 1286 καλ
694 1227 727 1288 οἱ
743 1223 898 1305 ὀφθαλμοί
915 1225 1009 1288 αὐτοῦ
1032 1221 1079 1288 ἐπ’
1100 1227 1195 1306 αὐτῆς

176 1317 229 1384 ἀπ’
255 1323 346 1406 ἀρχῆς
373 1333 426 1386 τού
453 1323 592 1385 ἐνιαυτοῦ
619 1321 669 1384 καί
696 1321 756 1397 ἕως
776 1324 941 1397 συντελείας
968 1331 1021 1385 τοῦ
1044 1322 1194 1388 ἐνιαυτοῦ.

173 1420 227 1484 καλ
254 1420 309 1503 γὰρ
338 1420 430 1495 ὄντος
457 1419 639 1502 εὐλογημένη
666 1431 705 1501 γη
732 1421 792 1483 ἐστι
818 1419 869 1482 καί
895 1421 1088 1502 καρποφόρος
1117 1420 1195 1503 άγαν

176 1517 251 1601 ὑπὲρ
269 1529 369 1580 πᾶσαν
387 1519 441 1598 την
462 1529 520 1599 γῆν
542 1517 592 1580 καί
609 1524 648 1603 τῷ
663 1520 831 1603 παραδείσῳ
853 1528 906 1582 τοῦ
924 1525 1000 1581 θεοῦ
1018 1523 1163 1600 παρεικαζ
1180 1557 1194 1568 -

79 1639 120 1682 τοο
133 1637 163 1678 Μ.
178 1616 261 1695 μένη,
297 1616 422 1696 ἐπάρας,
444 1617 500 1698 γάρ
519 1633 623 1696 φησιν,
643 1615 716 1678 Λὼτ
734 1616 804 1691 τούς
821 1615 1001 1695 ὀφθαλμούς
1019 1615 1113 1678 αύτοῦ
1135 1611 1195 1680 είδε

138 1734 164 1774 15
177 1723 277 1774 πᾶσαν
299 1712 354 1792 τὴν
377 1716 539 1794 περίχωρον
563 1724 617 1775 τοῦ
637 1708 806 1797 Ἰορδάνου,
834 1715 878 1775 ὅτι
904 1724 984 1774 πᾶσα
1010 1706 1050 1793 ἦν
1077 1718 1194 1788 ποτιζο-

177 1808 251 1893 μένη
281 1808 322 1883 ὥς
350 1808 366 1872 δ
393 1812 570 1894 παράδεισος
597 1813 704 1894 κυρίου
731 1811 782 1873 καὶ
810 1810 849 1886 ὡς
876 1821 914 1892 γῆ
939 1811 1110 1893 Αἰγύπτου,
1143 1811 1194 1873 καλ

177 1907 321 1983 ἐξελέξατο
344 1909 447 1988 αὐτήν.

244 2011 475 2088 Προσμαρτυρεῐ
495 2006 527 2069 δὲ
549 2008 665 2082 τούτοις
692 2007 742 2069 καί
765 2007 781 2070 ὁ
804 2008 975 2086 σοφώτατος
995 1997 1194 2088 Ἀριστοτέλης

178 2102 281 2185 λέγων·
310 2103 359 2165 καὶ
387 2104 443 2186 γὰρ
470 2105 710 2187 πολυάνθρωπύς
731 2106 810 2168 ἐστιν
838 2102 858 2184 ἡ
881 2114 919 2186 γῆ
943 2114 995 2185 της
1022 2104 1196 2187 ἐπαγγελίας

136 2222 165 2262 το
178 2200 228 2262 καί
251 2203 430 2282 σύνδενδρος
453 2202 503 2263 καλ
525 2204 678 2276 παντοίοις
699 2209 824 2283 καρποῖς
847 2202 1032 2283 εύθηνούσα,
1054 2199 1194 2282 ἀμπέλων

178 2322 207 2359 τε
230 2298 280 2359 καί
303 2298 477 2380 ἀκροδρύων
499 2298 550 2360 καί
572 2301 719 2377 φοινίκων
741 2305 860 2381 πλῆθος
882 2298 1008 2362 άπλετον
1030 2298 1080 2361 καί
1099 2300 1193 2380 κτήνη

177 2396 335 2476 πάμπολλα
353 2396 403 2458 καί
422 2397 563 2478 διάφορα,
581 2396 631 2458 καί
649 2395 781 2476 δαψιλὴς
799 2393 818 2474 ἡ
835 2397 949 2460 τούτων
966 2397 1045 2477 νομὴ
1065 2393 1105 2459 δι’
1123 2399 1195 2460 ύλου

178 2484 231 2554 τοῦ
254 2493 362 2572 χρόνον
385 2495 496 2574 γίνεται
518 2494 569 2556 διὰ
591 2494 647 2573 τὴν
669 2495 782 2573 πολλὴν
805 2495 964 2577 εὐκρασίαν
987 2505 1040 2575 τῆς
1062 2505 1117 2576 γῆς
1145 2495 1196 2557 καί

177 2589 316 2668 πιότητα,
345 2589 421 2651 πολύ
450 2589 482 2653 δὲ
510 2597 628 2672 πλῆθος
660 2591 710 2653 καί
737 2602 797 2654 τῶν
824 2591 987 2674 ἀρωμάτων
1019 2592 1070 2654 καὶ
1096 2595 1195 2656 λίθων

249 2764 319 2814 8-9
328 2759 412 2813 Num.
425 2765 560 2827 13311-
575 2768 661 2816 9—11
673 2763 853 2831 Deut.11‚12.
865 2769 1014 2818 -14-17
1026 2763 1194 2832 Gen.13‚1o.

179 2861 212 2870 ·-
233 2837 338 2899 18-p.
355 2836 446 2897 10112
465 2831 593 2889 Aristeae
612 2834 693 2903 epist.
711 2840 761 2889 112
772 2852 809 2904 sq.
821 2853 850 2904 p.
866 2841 900 2889 33
919 2837 958 2890 ed.
974 2835 1144 2890 Wendland.

252 2987 265 3033 1
286 2980 428 3050 είσαγάγει
446 3000 476 3037 σε
490 2983 573 3038 BNP
595 2984 701 3055 εἰσάγει
720 3005 749 3042 σε
763 2985 842 3040 AEG
865 2986 1022 3057 είσάγισεΙι
1041 3003 1092 3042 om.
1108 2985 1194 3040 GRV.

179 3083 213 3092 -
232 3057 249 3105 4
269 3047 333 3120 δύαι
352 3051 403 3106 GL
426 3050 498 3124 ρῶαι
515 3055 543 3108 Ν
565 3051 690 3125 δώαιςΑ
711 3054 788 3128 δοιαλ
806 3059 836 3111 Β.
858 3090 891 3098 -
910 3063 926 3111 ὅ
946 3053 1111 3119 ἐλαίαςιοκι.
1124 3057 1153 3110 Ν
1169 3064 1197 3113 et

178 3139 249 3177 εεοο.
265 3123 388 3192 quidam.
405 3157 438 3165 -
458 3132 473 3179 6
493 3125 552 3195 φάγ
585 3126 698 3182 BEGN
716 3127 836 3199 φάγειΟ
855 3137 942 3199 φαγεῖ
953 3130 986 3183 A.
1002 3160 1036 3170 -
1055 3134 1072 3182 8
1090 3128 1196 3199 χρυσόν

178 3191 237 3246 RV.
258 3224 292 3233 —-
311 3194 370 3263 μέλι
388 3197 437 3250 καλ
455 3196 527 3266 γάλα
546 3147 635 3251 gNV.
657 3231 688 3240 -
715 3207 747 3254 11
766 3200 816 3255 καί
835 3199 885 3262 ἕως
902 3216 978 3256 συντ.
993 3206 1043 3254 τοῦ
1062 3199 1195 3256 ἐνιαυτοῦ

179 3279 229 3317 om.
245 3264 307 3318 MV.
327 3297 363 3306 -
381 3265 432 3329 ἕως
449 3275 498 3336 τῆς
516 3265 674 3332 συντελείας
691 3270 748 3324 AG.
770 3303 804 3312 -
829 3277 861 3325 12
880 3270 898 3340 η
917 3277 952 3340 γῆ
971 3269 1017 3325 AG
1036 3287 1087 3326 om.
1102 3269 1139 3324 M.
1159 3303 1195 3311 —

180 3339 213 3385 16
228 3334 265 3397 ὡς
279 3335 294 3389 δ
304 3337 408 3405 παράδ.
420 3338 467 3391 AP
482 3338 497 3392 ὁ
507 3355 558 3393 om.
569 3339 630 3393 rell.
640 3371 675 3380 -
686 3340 749 3410 ὡςη
764 3350 799 3412 γῆ
809 3342 865 3397 AB.
876 3374 910 3384 -
922 3348 956 3396 24
965 3339 1101 3412 ποιότητα
1110 3341 1194 3395 BDR.

196 3492 199 3499 ’
251 3495 336 3548 λιταί
353 3494 403 3550 διὰ
421 3483 477 3548 τῶν
496 3494 603 3564 ὁραίων
621 3497 651 3550 Ρ.
672 3529 705 3538 -
729 3506 745 3554 ὅ
769 3500 817 3554 καλ
836 3508 871 3571 γη
891 3502 921 3555 Ρ.
940 3533 974 3542 -
1000 3507 1032 3554 11
1052 3503 1119 3556 Post
1137 3501 1195 3556 ἔνι·

175 3571 267 3616 αυτοῦ
281 3581 373 3618 versus
386 3565 492 3634 aliquot
505 3582 599 3620 sacrae
612 3569 766 3636 scripturae
780 3571 844 3626 add.
859 3571 889 3624 P.
905 3604 940 3612 -
958 3577 991 3625 18
1005 3573 1150 3640 ἀρισταῑος
1163 3571 1197 3628 Ρ.
