2617 3909
508 203 698 256 xpomon
1050 202 1117 270 653

96 346 209 427 μίνους
235 348 394 430 σώφρονας
421 345 533 429 ἀνδρας
559 346 634 408 κατά
661 349 768 432 μικρὸν
795 350 981 425 δελεάσαντες
1012 351 1054 426 είς
1083 350 1116 412 τδ

95 455 160 506 τῶν
182 445 330 526 Σοδόμων
352 446 473 526 αἰσχρόν
495 445 654 527 βάραθρον
674 446 890 526 κατηκόντισαν
913 447 1044 521 ἐλεεινῶς
1066 447 1118 510 καλ

96 549 139 626 τῷ
154 542 266 629 αίοινίφ
285 541 357 625 πυρί
375 542 583 625 παρέπεμψαν.
620 543 667 606 διδ
687 545 724 624 δὴ
744 543 848 606 λοιπόν
866 543 1016 627 ἀραρότως
1034 545 1117 608 πάνυ
1204 567 1206 574 ’

95 663 131 722 γε
159 641 282 714 τούτους
308 639 359 704 καλ
385 641 477 721 νόμος
503 641 554 702 καλ
581 641 667 723 λόγος
697 641 883 724 εύαγγελικδς
914 641 964 704 καλ
998 640 1116 725 ἀριστος

97 739 167 817 βίος
189 737 237 800 καλ
260 738 386 819 εὐσεβὴς
403 740 534 802 πολιτεία
552 739 735 819 βδελύττεται
753 741 820 802 λίαν
839 737 879 816 ῶς
898 745 1048 820 θεομισεῖς
1065 739 1116 802 καλ
1143 763 1158 805 ε

97 834 297 916 ἀκαθάρτους.
343 829 426 899 ούτοι
448 835 504 918 γὰρ
529 836 671 915 τοιαύτην
693 835 844 918 ἐξάγιστον
871 836 950 917 ζωὴν
973 837 1116 921 προτιμή-

96 951 201 1006 σαντες
228 931 279 994 καλ
305 933 494 1012 ποθήσαντες
523 933 595 996 ὅσον
622 926 695 1013 ἧκεν
727 931 774 996 ἐπ’
799 935 900 1010 αὐτοῖς
931 935 1031 1011 πόλεις
1062 932 1117 1014 μὲν

95 1029 253 1110 ἠφάνισαν
284 1031 336 1094 τὸν
366 1031 563 1113 σπερματικὸν
589 1041 642 1112 τῆς
674 1033 793 1111 φύσεως
825 1033 914 1114 λόγον
945 1020 1135 1115 παραφθεί·Ι

96 1151 200 1210 ροντες
220 1128 425 1212 φθειρόμενοι,
447 1128 653 1210 εὐανδροῦσαν
674 1127 706 1192 δὲ
729 1130 834 1212 ῥώμην
856 1128 966 1212 ἀνδρὸς
983 1129 1034 1191 καλ
1051 1127 1116 1209 ἡλι-

97 1227 168 1292 κίαν
185 1224 237 1287 καλ
254 1226 309 1306 τὴν
327 1225 532 1308 ἀρρενοπρεπῆ
548 1228 690 1308 γενναίαν
708 1227 793 1308 ἰσχύν
812 1229 916 1301 δεινῶς
930 1227 1117 1301 ἐξανάλωσαν
1131 1251 1160 1292 ιο

99 1322 152 1384 καλ
173 1321 273 1397 ἀπλῶς
295 1324 350 1403 τὴν
373 1325 519 1386 σύντονον
541 1323 591 1384 καλ
614 1326 800 1406 σφρίγουσαν
823 1323 923 1405 άκμην
945 1335 998 1406 τῆς
1016 1323 1117 1403 νεότη-

97 1443 148 1493 τος
170 1418 375 1501 λυμηνάμενοι
397 1431 534 1503 φανερῶς
555 1421 684 1496 ἀθλίους
706 1422 757 1486 καλ
778 1417 1010 1504 καταγελάστους
1036 1422 1118 1485 ἐποί-
1155 1438 1169 1464 ·

97 1536 177 1596 ησαν
208 1517 278 1592 τοὺς
310 1517 441 1592 ἁλόντας.
496 1521 549 1592 ούς
582 1543 615 1601 γε
647 1519 792 1599 φευκτέον
823 1518 1036 1603 προτροπάδην
1066 1518 1118 1581 καλ

98 1613 274 1696 βδελυκτίον
297 1614 420 1690 ἐνδίκως
438 1615 479 1689 ὡς
497 1617 704 1697 φυχοκτόνους
721 1617 773 1680 καλ
791 1620 1048 1701 σωματοφθόρονς
1066 1616 1117 1680 καλ

98 1711 212 1794 ἐναγεῖς
240 1711 332 1786 όντως
359 1712 410 1775 καλ
437 1723 490 1794 τῆς
517 1715 636 1793 φύσεως
663 1717 896 1799 παραχαράκτας.
943 1713 1032 1777 οὐδὲν
1060 1713 1115 1796 γὰρ
1130 1738 1158 1779 ιο

97 1809 220 1889 ἀληθῶς
248 1811 455 1892 μυσαράτερον
480 1809 502 1892 ἢ
529 1811 768 1896 ἀκαθαρτότερον
795 1823 854 1878 τῶν
884 1815 962 1875 ούτω
989 1834 1115 1894 πορνευ-

97 1907 214 1986 ομίνων
235 1931 265 1971 τε
287 1907 337 1970 καλ
360 1910 576 1993 πορνευόντων.
619 1911 745 1976 εἰώθασι
767 1911 833 1993 γάρ,
857 1908 897 1984 ὡς
919 1909 1042 1991 ἀληθῶς
1064 1908 1116 1986 καλ

97 2003 226 2086 ἀκριβῶς
249 2007 474 2088 μεμαθήκαμεν,
498 2008 535 2070 ού
554 2007 648 2087 μόνον
667 2008 699 2069 οί
715 2008 876 2081 σπάδοντες
898 2006 948 2069 καλ
970 2007 1006 2068 τά
1025 2006 1114 2089 μόρια

97 2113 149 2184 τῆς
173 2104 383 2186 αἰσχρουργίας
414 2115 514 2178 ποσῶς
541 2105 654 2186 ἔχοντες
686 2103 868 2186 ἀσελγαίνειν
900 2102 1030 2187 ἀμέτρως
1062 2102 1114 2164 καλ

95 2244 310 2254 ---.

169 2326 185 2372 2
205 2319 321 2389 αίσγρδν
339 2335 390 2373 ουτ.
406 2317 552 2372 CDEGR.
568 2351 601 2358 —
621 2323 638 2372 5
656 2316 720 2372 λίαν
734 2318 785 2371 ΒΡ
794 2317 871 2373 Suid.
887 2335 937 2374 om.
952 2317 978 2372 V
995 2317 1112 2382 τούτους

96 2389 157 2446 roll.
172 2421 207 2430 -
225 2390 265 2452 ῶς
276 2393 418 2471 θεομισετς
435 2391 485 2443 καλ
503 2389 685 2458 ἀκαθάρτους
698 2407 754 2472 ωτι..
764 2389 826 2444 Do.
841 2421 877 2430 -
895 2394 911 2443 9
928 2389 977 2480 καλ
991 2387 1110 2458 φθειρό·

96 2459 385 2600 λ’λλλλλλσ
398 2462 504 2585 §affl
522 2458 1112 2602 λλέλλλῖἓλλῶλλλλλλλλ
1217 2588 1219 2592 ,

96 2601 745 2744 λλλλπλῑλλλλιῖτλάλλλλῗ
825 2603 901 2658 s...
917 2605 959 2673 (λ
976 2604 1109 2674 ’λλλλ

171 2860 355 2929 κσάφρονας
378 2859 464 2924 ὄντας
486 2862 535 2914 καλ
558 2858 688 2924 δικαίους
710 2860 818 2929 ἀνδρας
841 2859 940 2917 ίσθότε
963 2860 1113 2916 δελεάσαν-

95 2950 142 2994 τες
158 2930 188 2985 P.
213 2962 247 2971 —
271 2936 287 2983 2
311 2930 527 3003 αίσχρωβόθρωι
549 2933 608 3000 (εἰσ)
632 2931 663 2985 P.
686 2963 722 2972 -
750 2938 766 2985 3
789 2931 993 3002 παρέπεμψαν,
1022 2930 1114 3000 ὥσπερ

96 3001 132 3071 δὴ
155 3001 204 3056 καλ
227 3011 377 3072 γυναῖκας,
400 3003 485 3072 ἄμφω
504 3003 602 3057 κοινὸν
620 3002 767 3072 γενόμενοι
784 3012 883 3072 πτῶμα
901 3003 1047 3073 γαλαιπῶν
1066 3003 1115 3056 κοιλ

97 3071 236 3140 όλίθριον.
261 3104 296 3114 -
325 3079 341 3126 4
364 3074 548 3142 εύαγγελικῶς
575 3071 780 3143 μυσαττόμενος
807 3073 920 3142 ἀριστος
942 3071 1003 3146 βίος
1025 3073 1054 3126 P.
1080 3104 1114 3113 -

96 3151 112 3198 6
131 3143 265 3213 τοιαύτην
290 3141 397 3208 αἵρεσιν
420 3145 593 3214 δαιμονιῶδη
617 3145 666 3198 καλ
688 3145 822 3214 τοιαύτην
841 3144 914 3214 ἐξαγ.
934 3143 1007 3213 ζωὴν
1026 3145 1056 3200 Ρ.
1080 3176 1115 3185 -

98 3222 112 3268 7
131 3213 237 3286 πόλεις]
261 3215 381 3278 πολλοὺς
398 3215 429 3269 P.
453 3247 487 3256 -
512 3221 544 3269 12
565 3223 696 3284 φανερῶς
719 3217 855 3277 ἐλεεινούς
876 3216 926 3270 καλ
949 3213 1069 3280 ἀθλίους
1086 3235 1116 3271 τε

96 3287 145 3341 καλ
163 3306 260 3356 καταγ.
277 3287 307 3340 P.
326 3317 362 3326 -
388 3292 420 3340 14
439 3291 604 3356 σωματοφθ.
623 3307 653 3341 τε
672 3288 722 3340 καλ
739 3287 769 3341 Ρ.
787 3317 823 3328 -—
843 3291 876 3339 16
895 3304 993 3356 μυσαρ.
1016 3284 1034 3356 ἢ
1053 3289 1116 3359 βδε-

97 3357 261 3425 λυκτότερον
280 3365 336 3411 τῶν
359 3356 431 3412 οὕτω
450 3355 647 3427 φθειρομένων
671 3359 719 3412 καλ
743 3376 822 3425 πορν.
843 3376 871 3412 τε
893 3359 940 3412 καλ
963 3377 1044 3427 πορν.
1064 3357 1116 3428 μά-

98 3432 175 3483 λιστα
198 3426 337 3484 κάκείνων
360 3427 494 3490 πολλάκις
520 3428 548 3494 ἐξ
571 3429 727 3499 ὑπερβολῆς
754 3427 911 3484 ἀκολάστου
935 3430 1045 3500 γνώμης
1068 3429 1118 3483 καλ

97 3501 256 3561 λυσσῶδους
273 3497 385 3568 μανίας,
412 3500 533 3554 είάθασι
546 3498 610 3570 γάρ,
629 3500 667 3561 ὡς
681 3500 803 3571 ἀκριβῶς
817 3498 904 3564 ὄντας
918 3505 1021 3571 μεμαθ.
1037 3499 1068 3572 P.
1083 3529 1117 3540 —

99 3574 132 3622 19
150 3571 254 3640 ποσῶς]
277 3579 375 3625 πασῶν
393 3569 422 3624 Ρ.
