2617 3909
172 236 238 301 582
481 238 669 290 ΓΒΩΡΓΙΟΤ
686 238 869 291 ΜΟΝΑΧΟΤ

173 385 263 467 χέειν,
295 386 367 448 ὥστε
399 385 468 459 τούς
495 383 620 459 ἁλόντας
651 384 813 468 ἐξαρπάσαι
842 394 902 447 τῶν
932 384 1190 467 προσδοκωμένων

173 487 290 547 δεινῶν.
336 484 406 567 ὅπερ
429 483 480 546 καλ
501 482 629 566 μέμονεν.
676 492 736 547 πού
758 484 862 545 τοίνυν
884 482 960 545 είσλν
982 485 1014 545 οί
1033 484 1104 557 τοὺς
1126 486 1188 566 τρί-
1307 545 1308 548 ,

173 586 273 664 βωνας
299 579 534 663 ἀναβεβλημένον
560 581 610 645 καλ
637 581 670 644 τό
697 581 781 661 βαθὺ
804 579 917 663 γένειον
943 582 1111 655 δεικνύντες
1138 581 1189 643 καλ

173 682 287 763 ῥόπαλα
305 690 340 765 τῇ
360 681 440 763 δεξιᾷ
460 678 598 762 φέροντες
618 680 815 758 ψευδώνυμοι
831 680 1004 757 φιλόσοφοι,
1025 678 1062 741 τά
1079 679 1189 742 κυνικὰ

147 779 360 859 εκαθάρματα,
386 778 418 839 οί
437 787 496 839 τῶν
519 776 728 857 έπιιραπεζίων
749 786 851 838 κυνῶν
873 776 1054 858 ἀθλιώτερον
1077 778 1188 839 διακεί-

173 898 257 955 μενοι
275 873 326 936 καί
343 875 466 956 γαστρὸς
483 873 568 937 ἕνεκα
586 876 683 937 πάντα
700 883 870 951 ποιούντεςς
887 875 921 937 οί
934 874 991 956 γὰρ
1009 884 1062 954 τῆς
1075 875 1190 949 πόλεως

174 974 300 1045 άπαντες
329 973 371 1046 είς
397 972 449 1046 τὰς
476 973 605 1056 ἐρήμους
631 972 838 1054 ἀποφυγόντες
869 971 919 1032 καλ
948 972 1190 1055 κατακρυβόντες,

174 1064 257 1133 ούτοι
279 1070 366 1150 μόνοι
388 1071 438 1133 διά
460 1080 520 1133 τῶν
537 1070 631 1152 ἔργων
653 1068 776 1150 ἀληθῶς
798 1070 854 1149 τὴν
872 1071 1054 1147 φιλοσοφίαν
1076 1070 1189 1132 ἐπεδεί-

174 1171 275 1250 ξαντο,
303 1170 367 1251 καί,
399 1170 519 1231 πάντων
547 1170 725 1232 δεδοικότων
752 1168 802 1230 καλ
825 1167 1058 1248 κατεπτηχότων,
1084 1168 1128 1241 εἰς
1153 1168 1189 1231 τδ

133 1289 160 1331 το
174 1267 263 1347 μέσον
291 1267 409 1341 στάντες
436 1265 468 1328 τό
497 1265 596 1329 δεινόν
622 1266 731 1329 ἔλυσαν
760 1265 816 1327 ούκ
843 1265 875 1328 ἐν
903 1270 1025 1338 πολλοῖς
1054 1262 1189 1347 ἡμέραις,

135 1412 137 1419 1
173 1362 236 1429 ἀλλ’
257 1365 290 1428 ἐν
314 1370 366 1449 μιᾷ
389 1365 567 1445 καταβάντες
590 1363 640 1426 καὶ
664 1362 865 1445 διαλεχθέντες
886 1363 937 1425 καλ
954 1363 1010 1443 τὴν
1027 1363 1189 1444 συμφορὰν

173 1465 313 1537 λύσαντες
335 1462 409 1545 πρδς
431 1461 466 1523 τά
485 1462 639 1523 λ’διαπάλιν
654 1460 805 1542 ἀνέβησαν
827 1462 1001 1543 καταχύγια.
1046 1460 1190 1523 τοσούτόν

173 1562 251 1623 ἔστιν
282 1558 302 1640 ἡ
334 1559 414 1641 παρὰ
445 1569 499 1622 τού
529 1564 661 1641 Χριστοῦ
692 1566 755 1633 τοῖς
786 1557 960 1640 ἀνθρώποις
990 1559 1189 1639 είσενεχθεῖσα

173 1659 345 1737 φιλοσοφί.

41 1778 120 1819 mm.
134 1777 160 1819 τε
239 1748 306 1816 'Favi
328 1754 489 1816 Θεοδοσίου
513 1752 532 1833 ἡ
556 1756 637 1833 τιμία
659 1756 772 1835 κεφαλὴ
796 1765 849 1817 τοῦ
869 1758 1030 1836 βαπτιστοῦ
1046 1753 1189 1819 Ἰωάννου

174 1852 206 1914 ἕν
228 1851 542 1916 Κωνσταυτινουπόλει
568 1854 759 1934 διεκομίσθη,
786 1853 941 1937 εὑρεθεῖσα
969 1853 1023 1934 μέν
1045 1856 1190 1937 πρότερον

174 1952 254 2034 παρά
281 1969 338 2013 τισι
366 1956 505 2032 μοναχοῐς
537 1960 589 2031 τῆς
616 1952 813 2013 Μακεδονίου
841 1950 995 2033 αἱρέσεως,
1024 1954 1130 2027 οἵτινες
1158 1952 1189 2027 ἐξ

170 2045 382 2133 Ἱεροσολύμων
404 2048 541 2123 ἐλθόντες
567 2050 610 2123 είς
631 2051 771 2111 Κιλικίαν
794 2049 958 2132 διέτριψαν.
1005 2052 1189 2134 Μαρδονίου

174 2146 207 2209 δὲ
230 2158 283 2211 τοῦ
306 2148 450 2229 εὐνούχου
474 2157 559 2211 τοῦτο
583 2147 735 2227 μαθόντος
757 2146 807 2209 καλ
826 2149 1014 2227 μηνύσαντος
1034 2150 1189 2229 Οὐάλεντι,

134 2268 161 2309 εο
175 2249 373 2327 μετεκομίζετο
400 2245 433 2308 ἐκ
458 2247 643 2327 προστάξεως
670 2246 763 2309 αύτού
792 2246 835 2318 είς
861 2248 1188 2309 Κωνσταντινούπολιν.

157 2341 216 2417 ἀς
240 2342 271 2406 δὲ
295 2346 327 2406 οί
347 2345 388 2418 είς
411 2352 496 2405 τοῦτο
521 2342 669 2417 σταλέντες
696 2342 848 2417 ἐπιθέντες
875 2342 998 2424 ὀχήματι
1020 2337 1119 2424 ἦλθον
1145 2344 1189 2417 είς

175 2442 207 2503 τό
235 2443 426 2522 πανδοχεῖον,
458 2440 555 2503 ούκέτι
588 2446 737 2522 μετῆλθον
768 2440 821 2502 τόν
847 2441 939 2503 τόνων
971 2444 1006 2503 αί
1029 2442 1062 2505 τό
1091 2441 1189 2523 όχημα

175 2540 319 2621 σύρουσαι
345 2535 480 2617 ἡμίονοι,
511 2540 615 2620 καίπερ
645 2538 739 2601 πολλὰ
766 2540 1003 2621 μαστιχούμεναι.
1043 2540 1107 2602 τότε
1133 2538 1189 2619 μέν

175 2628 230 2697 οὖν
257 2634 387 2714 ἀπετέθη
416 2632 435 2714 ἡ
459 2634 528 2717 ἁγία
555 2638 669 2717 κεφαλὴ
699 2636 731 2698 έν
753 2638 905 2699 Κοσιλάου
932 2639 1032 2722 κύμη,
1061 2639 1101 2717 μη
1125 2639 1188 2719 κρί-

176 2785 180 2796 “
246 2803 315 2852 2-8
331 2797 427 2866 chrys.
442 2798 478 2853 τό.
488 2804 556 2867 ιρι
575 2797 672 2869 Migne
688 2804 738 2853 ιτε
748 2801 841 2867 μπ-
856 2806 944 2854 ο-ιι
958 2802 994 2856 ιο.
1010 2801 1138 2855 mma.
1153 2831 1189 2841 —

174 2875 353 3011 ρῖᾧχιὴόθέ,
358 2874 401 3009 μβ,
409 2869 460 2995 {h
469 2869 498 2922 L.
519 2870 554 2936 cf.
570 2868 660 2923 Gram.
674 2870 780 2925 Anecd.
800 2871 825 2924 H
839 2877 930 2941 129⁷»
949 2878 981 2926 31
1002 2879 1027 2927 τί
1044 2871 1109 2925 Ειο.
1124 2871 1188 2927 Bar.

214 3139 218 3149 .
247 3072 260 3119 1
286 3064 405 3129 ἀλόντας
427 3065 449 3118 F
473 3065 597 3130 ἀλῶντας
619 3066 752 3120 DEPRV
779 3068 905 3129 άλῶντας
927 3064 947 3120 O
975 3070 1101 3129 αλῶντας
1125 3070 1187 3136 (σπι.

174 3137 918 3278 ῗόύόάλἐιάίδφίόγόῗόὶΡωὛόόόλςοδ
933 3170 968 3262 i
986 3138 1189 3281 {ffffssffit

175 3280 223 3334 καὶ
241 3278 258 3348 ἡ
277 3232 355 3334 Βχδδ
378 3281 426 3335 καὶ
449 3230 545 3349 ἡτεέδ.
570 3313 603 3321 -
628 3253 842 3349 18μαρδωνίου
861 3253 923 3335 ΙιΒ..
939 3312 974 3321 —
998 3286 1032 3334 20
1055 3282 1096 3344 είς
1115 3302 1189 3335 κων-

176 3350 407 3405 σταντινούπολιν
416 3352 569 3406 ΑΒΕῈἹιΝ
578 3352 644 3406 Exo.
665 3351 696 3407 έν
710 3350 996 3407 κωνσταντινονπόλει
1010 3351 1087 3406 GRV
1096 3350 1187 3406 (λειω.

175 3454 209 3461 -
229 3428 260 3476 21
278 3421 423 3513 ἐπιβάντες
436 3422 493 3478 ΑΒ.
508 3455 541 3464 -
561 3429 594 3478 22
608 3423 641 3477 τό
655 3440 706 3478 om.
721 3422 805 3478 AOR.
820 3456 855 3464 -
871 3424 921 3479 τόν
934 3421 1022 3478 τόπον
1036 3440 1087 3477 οτι.
1103 3422 1137 3477 N.
1153 3455 1188 3464 -

176 3500 209 3548 24
228 3496 366 3548 κωσιλαου
384 3494 407 3546 Β
430 3493 549 3549 κοσιλάω
569 3494 593 3547 D
617 3493 734 3565 κοδιλάη
753 3495 783 3549 F.

247 3624 262 3671 6
282 3617 375 3673 ἕνεκεν
393 3618 416 3671 Ρ
426 3618 487 3672 Chr.
