2617 3909
167 222 233 287 600
481 224 668 277 ΓΕΩΡΓΙΟΤ
684 223 868 277 MONAXOT

166 373 363 435 Μακεδονίου
395 372 497 455 φέρειν
527 370 666 454 αίρίσεως
697 370 834 434 δέδωκεν.
880 371 1024 451 δεξαμένη
1057 371 1091 435 δὲ
1122 372 1186 437 ὑπὸ

164 464 305 533 Ἰωάννου
337 471 392 551 την
423 472 584 533 κοινωνίαν
615 469 666 531 καί
692 468 890 550 δποκριθεῖσα
921 470 1100 551 συγκάπτειν
1133 470 1186 533 καί

166 568 277 649 ταύτην
309 569 556 651 μεταλαμβάνειν,
588 565 628 647 ἣν
660 566 714 647 μὲν
750 562 826 649 εἶχεν
856 565 877 647 ἡ
904 568 1046 647 παιδίσκη
1078 569 1188 650 ἔλαβεν
1307 573 1308 576 ’

166 666 196 741 ἐξ
219 667 326 747 αὐτῆς,
353 664 392 745 ἣν
416 665 448 728 δὲ
471 665 597 729 δέδωκεν
618 660 760 745 Ἰωάννης
786 665 944 728 ἐπιδέδωκε
971 675 1007 751 τῇ
1029 667 1185 752 παιδίσκη.

140 772 394 847 σκροσαγαγοῦσα
421 762 453 825 δὲ
475 770 515 849 τῷ
535 764 655 843 στόματι
681 763 737 843 τὴν
763 764 797 827 ἐκ
817 773 871 844 τῆς
889 765 1090 827 Μακεδονίου
1117 789 1186 828 κοι·-
1307 839 1308 850 ρ

165 865 278 925 νωνίαν
300 856 386 943 εὗρεν
409 861 504 941 αὐτὴν
524 861 557 924 ἐν
574 869 614 947 τῷ
629 862 749 941 στόματι
771 863 861 923 λίθον
882 861 1090 943 γεγενημένην.
1132 864 1184 926 καὶ

67 982 107 1022 ιοο
121 982 152 1022 οι.
166 960 273 1023 τοῦτου
291 959 530 1042 φανερωθέντος,
552 959 720 1041 ὑπότρομος
737 965 945 1042 προσελθοῦσα
961 965 1024 1035 τοῖς
1038 954 1184 1025 Ἰωάννου

166 1056 236 1119 ποσί
258 1057 291 1120 τὸ
309 1056 458 1139 τολμηθὲν
481 1058 626 1141 ἐξήγγειλε
649 1056 700 1119 καί
717 1067 753 1144 τῇ
771 1058 911 1142 ἐκκλησίᾳ
932 1063 1084 1139 προσῆλθε
1106 1059 1184 1121 κατὰ

165 1154 320 1236 ἀλήθειαν.
366 1154 382 1217 δ
406 1155 438 1218 δὲ
461 1158 547 1231 λίθος
574 1156 606 1218 ἐν
633 1158 673 1241 τῷ
693 1156 917 1239 σκευοφυλωιίμ
945 1154 1040 1235 ἐδόθη
1068 1156 1184 1234 φυλάτ-

126 1277 152 1317 ιο
165 1261 277 1318 τεσθαι.
396 1264 398 1271 “
562 1265 564 1269 ’

229 1348 262 1416 Ὁ
288 1347 344 1417 οὖν
371 1352 507 1434 ἀοίδιμος
531 1348 674 1433 Ἰωάννης
705 1351 920 1425 ἔπισκοπεάσας
951 1352 1000 1431 ἔτη
1032 1349 1060 1413 ε’
1086 1352 1183 1432 ἥμισυ

167 1452 314 1534 ἐξωρίσθη
333 1453 376 1525 είς
392 1452 571 1515 Κουκουσδν
593 1450 734 1513 κάκεῖθεν
757 1449 828 1530 μετὰ
845 1449 896 1529 ἔτη
913 1446 945 1531 γ’
962 1448 1013 1511 καί
1031 1459 1128 1529 μῆνας
1147 1448 1182 1531 β’

166 1548 347 1629 μετενεχθείς
374 1550 416 1622 είς
438 1553 610 1611 Πιτυοῦντα
636 1547 688 1609 καλ
708 1547 867 1630 γενόμενος
891 1546 965 1609 κατὰ
986 1547 1120 1630 πάροδον
1147 1548 1181 1611 ἐν

165 1646 319 1725 Κομάνοις
341 1645 523 1725 ἐτελεύτησεν
545 1647 581 1708 ἐν’
600 1651 694 1732 πολλῇ
717 1647 823 1725 θλίψει
844 1669 875 1708 τε
901 1644 952 1707 καί
973 1645 1099 1707 κακώσει
1120 1646 1181 1708 ῦπ-

126 1765 152 1806 15
165 1742 263 1823 άρχων
285 1742 358 1803 ἐτῶν
380 1740 440 1822 νβ’.
477 1742 494 1805 δ
513 1741 546 1805 δί
562 1765 595 1824 με
613 1744 715 1817 πάπας
729 1738 841 1824 Ῥώμης
856 1738 1027 1818 Ἰνοκίντιος
1049 1742 1180 1819 άκοάσας

164 1838 220 1918 τὴν
238 1839 270 1901 ἐν
288 1839 386 1924 ἐξορίρι
403 1840 539 1920 τελευτὴν
562 1840 655 1903 αὐτοῦ
673 1842 782 1924 γράφει
803 1841 878 1923 πρὸς
893 1835 1050 1923 Ἀρκάδιον
1067 1842 1179 1904 τοιάδε·

166 1939 253 2019 φωνὴ
272 1938 395 2018 αἵματος
413 1948 465 2000 τοῦ
483 1937 616 2018 ἀδελφοῦ
635 1962 693 2019 μου
707 1933 848 2002 Ἰωάννου
866 1941 925 2024 βοᾷ
943 1939 1017 2022 πρὸς
1034 1939 1086 2001 τὸν
1104 1939 1180 2002 θεὸν

164 2036 238 2097 κατὰ
265 2045 335 2117 σοῦ,
364 2038 499 2119 βασιλεῦ,
527 2036 567 2111 ὥς
594 2059 665 2100 ποτε
684 2036 772 2118 ’Ἅβελ
798 2047 852 2099 τοῦ
879 2038 999 2099 δικαίου
1024 2036 1098 2098 κατὰ
1125 2048 1180 2100 τοῦ

165 2132 386 2214 άδελφοκτάνου
418 2135 512 2216 Κάϊν,
548 2134 598 2197 καί
634 2136 753 2210 πάντως
788 2134 1017 2215 ἐκδικηθήσεται
1047 2138 1180 2223 παντοίη)

126 2255 152 2295 εο
165 2231 278 2319 τρόπῳ,
307 2233 351 2295 ὅτι
379 2232 510 2315 διωγμὸν
536 2230 642 2295 άδικον
669 2231 744 2295 κατὰ
770 2243 823 2314 τῆς
845 2233 999 2314 ἐκκλησίας
1025 2242 1079 2295 τοῦ
1101 2240 1179 2295 θεοῦ

164 2328 215 2390 καί
240 2339 300 2391 τῶν
327 2328 428 2411 ἱερέων
455 2331 547 2393 αὐτοῦ
575 2331 744 2410 συνεστήσω
771 2330 895 2405 ἐξεώσας
924 2330 977 2393 τὸν
1005 2329 1095 2413 μέγαν
1125 2340 1179 2411 τῆς

236 2516 340 2563 11-16
355 2510 405 2564 Th.
415 2510 445 2563 L.
459 2512 495 2577 cs.
509 2511 574 2565 Exc.
589 2510 652 2565 Bar.
664 2510 789 2581 Theoph.
795 2528 825 2579 μ.
837 2515 879 2578 79,
890 2516 931 2563 17.
960 2512 1107 2566 Annorum
1124 2528 1178 2565 κυ-

163 2581 231 2635 meri
249 2581 362 2635 aliunde
380 2582 476 2635 inserti
498 2583 532 2648 of.
552 2582 649 2652 Migne
668 2583 746 2637 Tom.
760 2587 795 2637 4⁷
814 2583 862 2637 οοί.
881 2581 1046 2636 LXXXVIII
1054 2584 1124 2637 med.
1143 2614 1179 2623 —

165 2655 376 2719 15-p.601‚7
396 2650 511 2722 Georgii
528 2652 713 2707 Alexandrini
730 2654 799 2709 vita
817 2652 1008 2722 chrysostomi
1030 2655 1063 2708 iu
1081 2652 1177 2722 (Ihm.

164 2720 234 2791 Opp.
249 2722 289 2776 ed.
310 2720 393 2777 θεοῦ,
408 2723 486 2777 Tom.
501 2723 566 2778 VIII
579 2742 609 2793 p.
625 2729 685 2777 248.
986 2743 988 2746 ·
1173 2760 1176 2771 .

235 2870 267 2920 11
288 2865 333 2935 ἔτη
353 2864 377 2920 ε’
394 2868 454 2936 (om.
469 2864 563 2949 ἥμισυ)
577 2866 603 2920 R
622 2866 668 2937 ἔτη
687 2866 716 2932 ἓξ
732 2867 763 2921 Β.
779 2899 813 2908 -
834 2872 866 2921 13
884 2874 1049 2922 πιτοιοῦντα
1064 2865 1084 2921 C
1102 2886 1177 2922 κιτι-

163 2945 250 2991 οῦντα
264 2936 286 2990 Ρ
304 2943 330 2993 et
347 2954 417 2993 rece.
435 2938 551 3008 quidam
572 2946 727 2993 πυτιοῦντα
740 2939 796 2993 ΑΜ
813 2945 839 2994 ολ
855 2954 926 2993 rece.
941 2937 1000 2992 alii.
1015 2970 1050 2979 -
1070 2945 1104 2993 14
1122 2959 1179 2993 κω-

163 3008 306 3078 μάνοιςΑ
328 3006 522 3080 κομμάνοιςΒ
548 3010 675 3080 κομάνωι
692 3010 723 3064 Ιι.
748 3042 781 3051 -
804 3028 833 3064 τε
851 3026 903 3066 om.
916 3009 977 3065 BR.
1003 3041 1036 3050 -
1063 3016 1096 3064 15
1116 3009 1177 3065 ίνο·

162 3078 271 3144 κίντιος
283 3079 332 3136 ΒΟ
352 3080 523 3144 ίννοκίντιος
536 3080 601 3151 (ίνν.
615 3082 655 3153 Μ)
670 3080 762 3137 EMV.
777 3113 810 3123 -
831 3086 864 3135 16
883 3081 983 3152 αὐτοῦ]
1002 3080 1127 3135 ίωάννου
1140 3081 1177 3137 Ν.

163 3182 196 3191 -
216 3158 248 3205 21
269 3150 366 3219 ἱερέων
384 3152 465 3207 ΑΒΝ
470 3153 492 3207 Ρ
502 3152 601 3223 Georg.
626 3153 709 3220 ἱερῶν
728 3152 840 3207 CERV.
860 3184 894 3193 -
912 3152 1001 3207 αὐτοῦ
1020 3169 1070 3228 om.
1085 3152 1120 3207 N.
1140 3184 1177 3214 -,-

163 3256 378 3382 &officim
396 3224 440 3330 μδ
451 3260 481 3314 Β.
497 3291 531 3300 -
549 3267 599 3329 τῆς
612 3258 778 3330 οίκουμίνης
788 3266 853 3329 post
862 3276 891 3328 p.
903 3263 964 3327 601,
977 3265 991 3312 1
1002 3228 1177 3315 διδάσκαλον

162 3346 214 3383 κιο.
279 3370 287 3385 .

235 3467 267 3515 11
292 3460 309 3515 δ.
327 3458 378 3517 οὖν
399 3456 520 3534 λωάννης
542 3463 611 3533 μετὰ
634 3463 681 3533 ἔτη
703 3462 786 3518 πέντε
808 3463 894 3535 ῦμησι
915 3470 966 3519 τοῦ
990 3462 1177 3533 himma»

163 3533 319 3673 ἓρρρὲθείς
336 3532 366 3587 P.
387 3565 421 3574 -
440 3540 473 3588 15
492 3533 525 3589 δέ
542 3535 585 3606 γε]
604 3531 703 3589 τοίνυν
720 3534 750 3588 Ρ.
774 3567 810 3575 -
834 3540 866 3590 19
887 3532 1026 3607 παντοίῳ]
1047 3536 1137 3603 παντί
1153 3535 1177 3588 Ρ
