2617 3909
106 238 109 243 ·
182 222 248 289 &4
494 222 880 275 Immmmmmr

181 370 358 454 meme,
379 371 407 434 ιέ
429 370 470 452 μὴ
493 370 528 433 τὰ
550 379 603 451 τῆς
625 367 749 450 ἡσυχίας
770 367 846 451 ἄγει,
867 369 923 449 την
942 369 1078 449 κεφαλὴν
1099 369 1200 432 αὐτοῦ

180 469 329 555 ἀποκείρει
355 468 405 531 καλ
432 475 494 543 τοῖς
520 468 628 548 δήμοις
654 467 837 549 θριαμβεύει.
881 466 932 529 καλ
959 469 1077 547 βασιλεῖ
1089 466 1134 530 δὲ
1157 468 1199 529 τὰ

135 608 137 613 -
180 565 244 631 κατ’
269 566 360 631 αύτὸν
386 566 525 649 ἐγνώρισε
551 565 602 628 καλ
626 565 764 641 ἐξουσίαν
789 564 845 645 τὴν
871 561 935 627 κατ’
957 563 1051 628 αύτού
1079 565 1196 647 ἐλαβεν.

180 667 289 747 Ζήνων
315 664 451 748 βασιλεὺς
478 664 674 744 ἐτελεύτησεν,
706 662 914 746 ἀναγορεύεται
942 661 976 726 δέ
1001 663 1044 737 είς
1070 664 1199 744 βασιλέα

154 764 240 827 ιὸπὸ
263 761 421 847 Ἀριάδνης
448 772 500 843 τῆς
527 761 705 843 Αύγούστης
728 754 918 835 Ἀνασιύσιος
946 760 964 823 ὁ
990 762 1196 846 σιλεντιάριος.

179 862 246 944 περί
277 854 314 924 οὸ
341 859 464 940 ἀντέστη
491 859 653 940 Εὐφήμιος
681 857 698 921 ὁ
724 858 885 932 ἐπίσκοπος
915 858 1062 947 αίρετικὸν
1092 866 1198 922 καλῶν

178 958 229 1021 καί
260 970 319 1023 τῶν
346 966 520 1041 χριστιανῶν
551 956 682 1031 ἀνάξιον.
723 951 882 1041 Ἀριάδνης
908 954 941 1018 δέ
971 956 1022 1018 καλ
1052 966 1112 1018 τῶν
1139 967 1198 1037 τῆς

179 1055 344 1139 συγκλήτου
371 1060 524 1119 συναινεῖν
552 1052 778 1137 ἀναγκαζόντων
804 1054 984 1136 Βύφήμιον,
1012 1054 1070 1118 ούκ
1097 1053 1197 1129 ἄλλως

178 1164 264 1218 τοῦτο
280 1163 403 1235 ποιῆσαι
415 1152 562 1235 ἠνέσχετο,
580 1153 608 1214 εί
622 1151 663 1233 μὴ
678 1152 838 1235 ὁμολογίαν
851 1152 1001 1235 ἔγγραφον
1012 1147 1083 1235 παρ’
1096 1152 1193 1215 αύτοῦ

139 1274 166 1315 ιο
178 1252 347 1334 ἐκομίσατο,
376 1250 417 1325 ιὸς
443 1252 486 1327 είς
513 1251 585 1334 ὅρον
611 1252 735 1323 πίστεως
762 1249 872 1331 δέγεται
897 1250 934 1311 τὸι
960 1250 994 1313 ἐν
1017 1252 1194 1330 Χαλκηδόνι

179 1348 420 1433 δογματισθένεα.
456 1349 512 1429 την
535 1346 567 1410 δέ
590 1347 749 1430 ὁμολογίαν
771 1348 865 1410 αύτού
881 1350 987 1429 βιαίως
1008 1348 1061 1410 τὸν
1077 1348 1191 1429 Εὐφή-

178 1472 247 1529 μιον
270 1445 401 1535 άπῄτησε
423 1447 606 1527 βασιλεύσας.
647 1450 814 1527 Μανιχαῖοι
835 1444 886 1507 καί
905 1439 1051 1527 Ἀρειανολ
1072 1445 1194 1529 ἔχαιρον

79 1558 119 1600 ⁶²²
134 1540 364 1629 ΕἈναστασίρν,
387 1548 554 1624 Μανιχαῖοι
577 1542 631 1623 μέν
653 1541 694 1617 ὡς
713 1553 766 1624 τῆς
784 1542 893 1626 μητρὸς
914 1543 1007 1607 αύτού
1030 1546 1192 1625 ζηλωτρίας

178 1640 270 1722 ούσης
301 1642 415 1721 αὐτῶν,
444 1635 589 1723 Ἀρειανολ
616 1639 648 1703 δέ
676 1639 717 1715 ὡς
742 1638 895 1722 Κλέαρχον
920 1641 974 1703 τὸν
999 1647 1085 1703 θεῖον
1114 1642 1192 1724 πρὸς

138 1761 164 1802 ιι
178 1738 287 1821 μητρὸς
305 1733 498 1800 Ἀναστασίου
521 1736 667 1819 ὁμόδοξον
688 1739 810 1819 ἔχοντες.
854 1737 948 1801 πολλὰ
969 1748 1029 1801 τῶν
1047 1733 1193 1822 Ἰσαύρων

177 1834 272 1900 ύτοπα
302 1836 353 1898 καί
384 1834 573 1919 ἀπάνθρωπα
603 1837 778 1916 τολμώντων
807 1836 840 1899 ἐν
865 1836 1192 1919 Κωνσιανεινοιπιόλει,

174 1929 363 2009 Ἀναστάσιος
394 1934 525 2009 ἅπαντας
551 1942 604 2015 τῆς
630 1935 782 2014 βασιλίδος
810 1933 951 2016 ἐξέβαλεν.
997 1936 1030 1997 οί
1053 1932 1085 1996 δέ
1112 1934 1191 2009 ἐξελ-

177 2034 283 2109 θόντες
313 2034 388 2118 πρὸς
419 2033 581 2115 τυραννίδα
609 2031 752 2114 ὥρμησαν
783 2032 833 2095 καλ
859 2031 914 2107 ἐως
941 2042 994 2094 τοῦ
1020 2034 1190 2095 Κοτυαείου

176 2131 343 2214 ἐξέδραμον.
380 2125 452 2193 καθ’
470 2122 512 2193 ὧν
531 2128 547 2191 ὁ
565 2129 702 2211 βασιλεὺς
720 2129 843 2212 στρατὸν
861 2129 1005 2210 ἐξέπεμψε
1022 2130 1073 2193 κοιλ
1087 2125 1190 2193 Ἰωάν-

136 2252 163 2293 εο
176 2254 234 2311 νην
252 2232 304 2294 τὸν
322 2230 452 2309 Σκύθην
469 2228 518 2291 καί
534 2222 679 2309 Ἰωάννην
696 2225 748 2290 τὸν
766 2227 893 2309 Κυρτόν.
933 2237 987 2290 τοῦ
1005 2226 1038 2290 ὁέ
1055 2227 1188 2308 πολέμου

176 2328 224 2391 ἐπὶ
251 2326 278 2390 ε’
301 2328 350 2409 ἐτη
377 2328 592 2409 κρατήσαντος,
619 2322 808 2399 Ἀναστάσιος
834 2324 997 2406 ἀποκαμών
1021 2326 1193 2408 ἐθάρρησεν

66 2502 69 2507 .
175 2425 329 2510 Εὐφημίιγ
356 2431 395 2509 τῷ
415 2424 563 2509 ἐπισκόπηι
577 2447 579 2450 ’
592 2422 632 2497 ὡς
655 2424 775 2506 είρήνης
797 2422 924 2504 ἐφίεται,
951 2422 1001 2484 καέ
1023 2423 1073 2484 ἵνα
1095 2440 1190 2484 συυα-
1262 2443 1265 2446 ·

159 2521 253 2606 Αγάγη
285 2520 354 2595 τούς
386 2520 588 2601 ἐνδημοῦντας
623 2520 802 2594 ἐπισκόπους
837 2519 886 2581 καί
918 2520 991 2604 δόξη
1022 2517 1096 2601 ὁπέρ
1127 2530 1192 2582 τῶν

173 2612 314 2699 Ἰσαύρων
336 2623 522 2699 παρακαλεῖν.
557 2618 721 2699 Βύφήμιος
744 2617 776 2681 δέ
798 2618 920 2701 ἐξήγαγε
939 2615 972 2681 τὸ
991 2616 1095 2699 λεηθέν
1112 2620 1191 2700 πρὸς

35 2725 37 2729 ’
136 2739 162 2780 ει
171 2712 316 2796 Ἰωάννην
343 2716 497 2800 πατρίκιον
524 2717 672 2797 πενθερὸν
691 2713 904 2798 Ἀθηνοδώρου
931 2715 998 2789 ἑνὸς
1021 2726 1081 2777 τῶν
1103 2714 1189 2800 ἐξαρ-

247 2878 714 2956 ιψωμῇιωαω

247 3038 262 3086 2
281 3031 466 3105 θριαμβεύσει
479 3029 535 3085 BV.
550 3061 585 3071 -
604 3036 620 3084 4
639 3030 728 3098 ζώνων
747 3030 875 3102 βασιλεὺς
887 3028 966 3082 ΑΒΕ
981 3030 1025 3099 (cf.
1037 3034 1142 3098 12625,
1159 3032 1192 3100 6)

175 3103 264 3172 ξείνων
283 3103 298 3158 ὁ
331 3104 441 3166 ασιλεὸς
454 3101 531 3157 BOV
548 3100 592 3157 ὁτι
611 3106 632 3167 ζ.
648 3101 664 3156 ὁ
681 3102 782 3173 βασΒ
802 3099 863 3155 aab
882 3102 942 3172 βασ.
957 3103 978 3165 ζ.
994 3099 1026 3154 (ὁ.
1045 3131 1081 3140 -
1100 3104 1134 3154 10
1148 3100 1188 3164 ὡς

175 3174 201 3229 εί
219 3170 293 3243 ὁρονι
350 3175 416 3229 ὡσεὶ
435 3170 502 3243 ὅρον
520 3172 541 3227 O
564 3172 601 3235 ὡς
619 3170 747 3240 είορονΙι
771 3172 809 3235 ιὸς
826 3167 867 3235 είς
884 3169 950 3240 ὁρος
966 3172 998 3226 Β.
1018 3202 1054 3212 -
1072 3172 1121 3226 καί
1138 3170 1187 3226 ὁέ-

174 3263 251 3316 γεται
268 3244 325 3299 BV.
344 3276 379 3287 —-
396 3242 550 3316 καλγηδόνι
567 3242 707 3299 DEGRV
726 3241 871 3314 καλγιδόνι
888 3244 964 3313 (-ώνι
977 3241 1034 3313 ΔΟ)
1047 3239 1130 3295 ABG.
1151 3273 1186 3283 -

132 3342 136 3351 ·
176 3320 208 3369 11
233 3312 351 3386 βεβαίως
368 3315 429 3369 ER.
451 3322 542 3370 -'12
566 3313 692 3384 ἀπάτησε
710 3313 733 3367 Ε
759 3313 885 3384 ἠπάτησε
907 3316 949 3369 vel
970 3314 1091 3382 ἐπάτησε
1112 3328 1185 3368 εοοο,

52 3512 53 3515 ,
175 3394 371 3509 Ξίὲλλλίλ
388 3387 421 3511 ίὲ
437 3388 493 3512 λλ
507 3383 1186 3511 ίέῗέἀιίλῗλλιλύίύύέἔελλῗλιῗι

175 3526 274 3580 DExc.
286 3525 321 3578 de
335 3525 418 3580 insid.
438 3523 571 3581 κοτυαίου
584 3525 608 3578 Ε
627 3524 755 3580 κοτιαίου
765 3526 816 3580 GR
829 3524 944 3580 κοταίου
954 3525 980 3579 G
992 3522 1150 3581 κουτωαίοο
1159 3526 1186 3578 Α

176 3600 207 3667 (ω
226 3613 260 3650 m.
277 3600 292 3649 1
311 3610 345 3649 ιιι
363 3615 392 3649 αι
410 3602 443 3652 ut
459 3597 533 3665 vid).
553 3628 586 3637 —
606 3602 640 3650 25
658 3598 812 3669 πενθερὸν]
831 3596 955 3666 ἀδελφὸν
973 3596 1031 3649 RV.
