2617 3909
205 207 270 270 782
520 209 708 261 ΙἜΩΡΡΙΟΤ
725 210 909 262 ΜΟΝΔΧΟΤ

203 357 241 435 δή
261 356 310 418 καί
326 367 379 436 τῆς
392 366 494 437 ψυχῆς
511 355 544 418 τὸ
558 357 756 438 πολύμορφον
775 357 825 418 διὰ
843 357 875 418 τὸ
894 367 947 419 τοῦ
966 357 1073 440 γένους
1091 358 1232 420 ύπουλόν

202 477 232 515 τε
254 453 304 515 καί
327 455 460 534 ύφαλον,
488 455 518 529 ἐξ
542 447 584 515 ὧν
607 454 796 537 ἐμεγαλαύηει
819 465 872 536 τῆς
895 457 1077 538 δυστροπίας
1099 456 1231 518 καὶτοῦ

203 553 293 614 δόλου
316 553 348 614 τὸ
372 551 574 635 κεκρυμμένον
600 553 651 615 καί
678 551 916 634 ἀνεξαγόρευτον.
962 553 1013 614 καὶ
1036 553 1093 636 γδιρ
1118 554 1231 636 ἐμηχα-

203 661 274 712 νᾶτο
305 652 470 713 λανθάνειν
501 653 534 714 τδ
561 651 726 732 ἐνδόμυχον
758 662 811 731 τῆς
838 652 959 734 γνώμης
989 654 1147 715 σκοτεινὸν
1178 653 1231 714 καὶ

176 752 385 830 ιπαλίμβολον
412 749 463 810 καί
490 751 564 831 πρὸς
591 750 624 811 τὸ
652 751 784 830 βλάπτον
812 748 978 832 ἐπιρρεπές,
1010 753 1065 812 καί
1090 774 1158 826 πως
1191 745 1231 830 ἦν

201 846 443 928 ἐκπεπονημένον
465 846 615 932 αὐτῷκαὶ
637 847 899 927 ἐπιτετηδευμένον
923 847 1034 928 μήποτε
1057 851 1230 928 συμφωνή-

104 967 144 1007 εεε
158 965 266 1008 τίσειν
292 947 419 1027 καρδίαν
446 951 509 1020 τοῖς
536 948 674 1025 χείλεσιν,
706 944 746 1020 ώς
774 945 856 1028 ἕτερα
886 944 939 1024 μὲν
966 946 1125 1026 ἐκμελετᾶν
1153 947 1230 1008 κατὰ

201 1053 291 1123 νοθν,
324 1042 397 1105 ἀλλα
429 1042 462 1105 δὲ
493 1043 654 1126 προφέρειν
682 1044 715 1106 ἐν
742 1044 871 1123 στόματι.
918 1043 967 1105 ἐπὶ
994 1055 1140 1106 τοσοῦτον
1171 1047 1229 1128 γὰρ

201 1141 381 1221 ἀφιλοθεΐας
403 1142 454 1203 καὶ
476 1144 623 1222 πονηρίας
645 1142 796 1216 ἐξώκειλεν
818 1139 835 1203 δ
858 1143 925 1222 βίος
946 1142 1050 1221 αύτοῦ,
1077 1143 1155 1204 ὥστε
1178 1144 1228 1204 καί

162 1264 188 1302 ιο
202 1242 433 1323 δυσφορώτατον
465 1240 515 1302 καὶ
547 1241 790 1320 δυσκατάληπτον
822 1240 915 1302 αύτού
947 1240 1002 1319 τήν
1035 1242 1226 1320 δαιμονιώδη

201 1340 325 1420 γνώμην
348 1338 399 1400 καί
421 1341 571 1420 πονηρίαν
592 1345 655 1412 τοῖς
677 1349 750 1400 πᾶσι
772 1340 918 1420 γίνεσθαι.

202 1475 205 1484 -
265 1431 347 1499 Ἐπεὶ
375 1430 444 1498 ούν’
460 1447 513 1516 τῆς
540 1439 690 1517 βασιλείου
722 1435 814 1517 ἀρχῆς
844 1441 954 1515 μᾶλλον
985 1435 1016 1497 δὲ
1044 1440 1224 1518 τυραννίδος

201 1542 277 1597 θεοῦ
310 1536 493 1616 συγχωρήσει
524 1535 688 1615 λαβόμενος
720 1533 793 1596 κατὰ
825 1543 877 1612 τῆς
904 1533 1068 1612 ἀμωμήτου
1100 1536 1223 1607 πίστεως

202 1633 271 1694 ὅλον
299 1632 389 1714 ἐκχέει
412 1635 464 1696 τὸν
487 1633 590 1712 θυμὸν
613 1632 663 1694 καί
686 1634 738 1696 τδν
761 1632 864 1712 δόλον,
892 1631 942 1693 καὶ
965 1631 1122 1711 ἁμιλλᾶται
1151 1633 1222 1694 καιά

162 1751 187 1792 τε
201 1731 298 1792 πάντα
327 1731 378 1793 τὸν
404 1731 461 1812 πρὸ
489 1732 583 1792 αὐτοῦ
611 1732 740 1811 δυσσεβῆ
765 1731 975 1811 Κοπρώνυμον
1003 1729 1053 1790 καί
1083 1728 1221 1803 ὡσαύτως

203 1834 320 1910 μιαροῖς
342 1847 400 1890 τισι
423 1828 474 1890 καί
496 1829 705 1910 παμπονήροις
728 1827 903 1910 ἀνθρώποις
928 1828 961 1889 τὸ
984 1837 1045 1888 πᾶν
1068 1838 1124 1908 τῆς
1148 1832 1222 1907 ζωῆς

200 1927 404 1988 καταπιστεύει
435 1925 567 2007 ἀσελγίσι
594 1949 623 1988 τε
655 1926 705 1987 καί
737 1925 785 1988 ἐπὶ
812 1928 882 2005 βίον
912 1926 1083 2007 αἰσχρότησι
1116 1928 1221 2006 βεβοη-

202 2024 302 2104 μένοις
329 2024 379 2085 καί
402 2023 660 2105 κατεφθαρμένοις
682 2025 738 2103 τήν
761 2024 864 2104 ψυχὴν
892 2022 942 2084 καί
969 2023 1002 2084 τὸ
1026 2033 1113 2102 σῶμα
1135 2025 1221 2105 γόησι

200 2123 250 2186 καί
274 2129 443 2204 φαρμακοῖς
465 2122 516 2184 καί
539 2124 718 2196 λαοπλάνοις
741 2121 791 2184 καὶ
813 2132 874 2182 πᾶν
897 2116 976 2194 είδος
999 2122 1106 2194 κακίας
1129 2121 1220 2199 ἀσκή-
1290 2127 1291 2141 ’

161 2243 187 2282 ιο
201 2241 269 2284 σασι
287 2221 337 2283 καί
355 2221 534 2296 ἁπαξαπλῶς
549 2220 611 2300 ,τὴν
634 2231 810 2303 χριστιανών
833 2218 1014 2301 ήρνημὲνοις
1035 2218 1221 2300 θεοσέβειαν,

200 2320 250 2382 καὶ
273 2320 312 2399 δή
335 2321 450 2392 τούτοις
473 2318 625 2392 ἀσπασίως
647 2320 829 2392 είσοικίζεται
851 2316 901 2379 καὶ
922 2318 1149 2398 περιπτύσσεται
1173 2317 1220 2378 καὶ
1289 2343 1290 2352 2

200 2417 364 2480 δποκύπτει
388 2423 451 2490 ταῖς
474 2418 612 2496 ματαίαις
638 2415 738 2477 αὐτῶν
766 2415 815 2477 καί
843 2415 1057 2497 ψυχοφθόροις
1084 2417 1221 2496 διδαχαῖς

200 2516 251 2578 καί
274 2516 431 2594 μυήσεσιν,
459 2514 509 2576 καί
536 2508 585 2576 οἷα
612 2524 665 2593 τῆς
688 2512 831 2595 ἁμαρτίας
859 2513 1051 2594 ἀνδράποδον
1077 2513 1221 2594 ἐξανδρα-
1288 2551 1289 2573 ι

200 2616 348 2687 ποδίζεται
371 2613 420 2674 καὶ
443 2620 483 2697 τῷ
502 2612 647 2698 ἀγκίστρῳ
670 2622 723 2691 τῆς
746 2612 860 2692 ἀπάτης
886 2610 936 2672 καὶ
959 2613 1148 2693 παρανομίας
1174 2614 1221 2673 δε-

160 2734 186 2774 εσ
201 2711 336 2785 λεασθεὶς
355 2711 370 2774 δ
390 2712 592 2792 παράπαιστος
611 2712 716 2784 δεινῶς
734 2712 937 2793 περιπείρεται.
978 2710 1044 2791 τρία
1066 2708 1123 2791 γάρ
1143 2710 1222 2793 αύτῷ

273 2891 287 2938 1
308 2884 343 2952 δὴ
363 2883 385 2936 Β
409 2883 441 2938 δὲ
459 2884 484 2936 Α
503 2901 553 2937 om.
572 2882 632 2936 rell.
653 2915 686 2923 -
706 2889 722 2935 3
742 2882 838 2953 δόλου]
855 2879 941 2974 λόγου
960 2881 1025 2936 ΒΜ.
1045 2913 1080 2922 -
1102 2881 1219 2973 4Ιένδο-
1286 2895 1287 2898 ’

201 2951 1219 3099 κοιτίδι·ποικίλαιλίικιιὶκκίπκαί

201 3130 235 3139 -
255 3105 270 3152 6
290 3097 485 3168 συμφωνήσειν
504 3097 580 3150 BLV
603 3095 786 3165 συμφωνήσιν
806 3094 855 3149 ΟΕ
879 3094 1057 3163 συμφωνήσει
1079 3098 1139 3165 (-ση
1158 3097 1216 3164 AR)

201 3169 290 3223 ANR.
306 3202 339 3209 —
355 3176 369 3222 7
386 3166 490 3237 καρδία
504 3169 568 3222 NR.
584 3201 618 3208 —
634 3168 781 3236 ἐκμελετᾶν
795 3167 843 3220 ΑΒ
863 3171 977 3234 μελετᾶν
991 3166 1051 3221 rell.
1066 3199 1100 3207 -—
1116 3173 1133 3221 8
1148 3168 1215 3234 πρδς

201 3241 297 3309 φέρειν
316 3241 371 3293 ΑΜ
394 3239 561 3308 προσφέρων
585 3240 616 3292 R.
642 3272 677 3279 -
702 3239 731 3293 ἐν
754 3243 792 3311 τῷ
813 3236 927 3306 στόματι
950 3237 1008 3291 RV.
1033 3271 1066 3278 —
1093 3244 1125 3292 11
1148 3239 1217 3310 τοῖς]

201 3313 296 3373 αὐτοῖς
314 3311 400 3364 CER.
421 3343 455 3351 —-
478 3311 612 3380 γενέσθαι
631 3310 690 3364 AR.
715 3341 748 3350 --
774 3315 806 3362 17
826 3307 987 3378 αἰσχρότησι
1005 3309 1080 3362 ABV
1103 3307 1216 3382 αἰσχρό-

200 3401 260 3448 τητι
282 3381 342 3433 rell.
367 3413 400 3420 —
425 3381 697 3453 διαβεβοημένοιςΒ
720 3388 745 3435 εί
766 3397 837 3434 rece.
857 3380 981 3447 quidam.
1010 3412 1044 3419 -
1074 3387 1106 3434 19
1131 3380 1216 3446 ἀσκή-

201 3467 304 3510 σαντας
318 3451 395 3502 ΑΒΕ
414 3452 585 3516 ἀσκήσαντες
603 3451 635 3504 Β),
651 3483 686 3490 -
706 3459 737 3504 21
757 3451 874 3512 τούτους
892 3451 956 3504 NR.
977 3483 1010 3490 -
1030 3456 1064 3504 22
1082 3460 1147 3514 ταῖς
1164 3473 1215 3519 μα-

200 3517 290 3578 ταίοις
303 3519 325 3569 Β
341 3529 400 3580 τοῖς
413 3519 543 3586 ματαίοις
552 3522 605 3575 ΟΒ,
618 3554 651 3560 -
663 3527 696 3574 23
712 3519 947 3588 ἀνδραποδίζεται
958 3521 1012 3574 LR.
1025 3553 1057 3560 -
1073 3527 1106 3574 25
1122 3522 1216 3588 παρά-

200 3604 300 3647 πεστος
320 3588 396 3640 GRV
418 3590 628 3655 παρώπταιστος
647 3592 704 3644 LN.
