2617 3909
189 249 255 314 530
500 250 686 302 Γυιεευιοε
703 249 887 301 υουεποο

189 410 248 462 τῶν
270 398 458 462 ὑποστάσεων
481 397 705 478 ἁναδιδαχθῶσι
727 398 824 478 δόγμα
845 396 878 458 τὸ
901 397 990 458 πάλιν
1012 398 1055 471 είς
1077 396 1203 475 ἑνότητα

189 499 307 577 φάσεως
334 495 507 578 άνατρίχον,
535 494 576 570 ὡς
602 490 678 557 εἷναι
705 494 741 555 τὰ
768 493 822 576 μὲν
849 494 953 570 ἑνικῶς
980 495 1122 576 λεγόμενα
1149 505 1204 575 τῆς

189 597 364 674 ταυτότητος
390 605 455 674 τῆς4
470 595 588 672 φάσεως
618 595 832 676 παραστατικά,
863 593 899 654 τὰ
925 591 958 655 δὲ
985 592 1204 675 ὑπερβαίνοντα

189 695 240 757 τὸν
267 692 366 755 ἑνικὸν
394 691 526 774 ἀριθμόν
548 701 601 771 τῆς
622 701 682 752 τῶν
703 689 894 779 ὑποστάσεαν
916 690 1062 770 ἰδιότητος
1084 700 1138 770 τῆς
1160 691 1204 763 είς

97 779 102 790 ’
164 793 262 871 εμίαν
289 791 394 856 οόσίαν
421 789 633 872 συναγομένης.
679 787 712 850 τὸ
739 787 794 868 μὲν
820 788 876 871 γὰρ
903 788 1069 870 διαφόρους
1096 789 1204 866 φάσεις

190 888 390 951 ὑποτίθεσθαι
413 882 602 969 Ἑλληνικόν,
632 887 665 950 τὸ
697 884 730 948 δὲ
757 888 794 948 ἓν
816 886 976 969 πρόσωπον
1006 886 1104 968 ἤγουν
1131 888 1203 966 μίαν

190 984 353 1048 ὑπόστασιν
369 981 543 1067 Ἰουδαϊκόν,
567 985 599 1048 τὸ
623 983 655 1046 δὲ
678 985 880 1059 πλατάνοντας
903 985 945 1059 είς
967 984 1023 1064 τὴν
1042 983 1130 1067 ἁγίαν
1153 985 1204 1046 καί

191 1082 478 1165 δμοοόσιοντριὰδα
500 1082 552 1156 τὰς
579 1082 753 1158 ὑποστάσεις
775 1083 818 1156 είς
840 1084 912 1162 μίαν
934 1082 1040 1144 οὐσίαν
1062 1083 1204 1163 συνάγειν

192 1179 357 1262 ὀρθότατόν
379 1181 438 1244 ἔστι
460 1180 511 1243 καί
533 1180 681 1262 ἀληθινὸν
703 1182 736 1244 τὸ
759 1181 862 1263 δόγμα.

152 1300 179 1342 ιο
258 1281 431 1358 Κεφάλαιον
459 1278 491 1342 δὲ
518 1279 566 1342 ἐπὶ
594 1286 656 1354 τοῖς
688 1279 866 1362 λεγομένοις·
898 1281 955 1343 οὐκ
985 1281 1044 1343 ἔστι
1072 1280 1205 1360 φυσικὰς

191 1377 355 1453 ἀποδείξεις
376 1378 451 1440 κατὰ
468 1379 565 1440 πάντα
583 1387 767 1459 παραστῆσαι
785 1389 844 1440 τῶν
862 1376 936 1460 ὑπὲρ
955 1379 1049 1457 φόσνν
1066 1378 1204 1461 πραγμά-

191 1501 258 1539 των.
303 1476 331 1537 εί
355 1475 411 1557 γὰρ
438 1474 489 1537 καί
515 1475 586 1557 σὰρξ
614 1473 733 1555 ἀληθὴς
760 1473 776 1536 δ
804 1477 891 1557 λόγος
916 1475 1043 1558 ἐγένετο,
1075 1471 1138 1538 ἁλλ’
1167 1476 1205 1538 οὐ

191 1571 281 1651 ψιλὸς
303 1570 464 1654 ἁνθροοπος
487 1570 504 1633 δ
527 1573 653 1656 Χριστός
676 1573 922 1655 ἐνανθροιπήσας,
945 1579 1056 1653 μᾶλλον
1079 1573 1111 1636 δὲ
1132 1574 1206 1647 θεὸς

192 1671 222 1744 ἐξ
252 1669 398 1752 ἑκατέραν
429 1681 488 1732 τῶν
519 1672 640 1749 φύσεων
672 1665 715 1745 εἵς
745 1657 886 1752 ὑπάρχων
917 1671 983 1745 υἱός
1009 1678 1100 1751 θεοῦ,
1131 1670 1206 1745 θεὸς

153 1787 179 1834 το
193 1767 385 1850 ὑπερούσιος,
413 1769 440 1830 εί
460 1767 511 1830 καὶ
533 1769 764 1852 διαρρήγνυνται
786 1771 819 1831 οἵ
838 1770 871 1832 τό
894 1773 993 1850 μεῖζον
1014 1769 1064 1831 καί
1086 1770 1206 1832 ἔλαττον

95 1921 98 1927 .
193 1865 241 1928 ἐπὶ
263 1875 316 1929 τοῦ
338 1867 448 1948 πατρὸς
474 1865 524 1928 καλ
551 1877 604 1929 τοῦ
626 1869 697 1929 υἱοῦ
720 1869 925 1949 συγκρίνοντες
946 1866 1130 1951 ἓτεροοόσιον
1153 1867 1206 1929 τὸν

98 1986 140 2026 εει
153 1964 266 2027 Μυῖόν
287 1973 341 2025 τοῦ
364 1965 473 2046 πατρὸς
496 1964 545 2026 καὶ
568 1964 711 2044 ἀνόμοιον
734 1967 961 2047 δογματίζοντες.
1006 1965 1043 2028 οό
1065 1965 1121 2048 γὰρ
1142 1967 1207 2027 ἵσα-

194 2081 256 2143 σιν,
284 2060 324 2136 ὥς
346 2062 455 2143 ἔοικεν,
483 2063 527 2124 ότι
555 2063 588 2125 τὸ
611 2066 710 2143 μεῖζον
732 2063 782 2125 καί
804 2063 922 2125 ἔλαττον
944 2062 992 2125 ἐπί
1013 2073 1073 2125 τῶν
1095 2062 1208 2143 δμοου-

194 2162 267 2222 σίαν
290 2164 415 2241 ζητεῖται
436 2160 486 2222 καὶ
509 2162 648 2243 κρίνεται,
672 2158 712 2234 ὡς
734 2158 897 2243 ἅνθρωπος
913 2160 1079 2243 ἀνθρώπου
1100 2162 1208 2240 μείζων

154 2281 181 2322 εο
194 2259 244 2320 καὶ
266 2261 340 2339 βοῦς
367 2259 438 2340 βοὸς
464 2257 514 2320 καλ
538 2260 627 2332 ἵππος
649 2259 758 2339 ἵππου,
784 2258 835 2319 καλ
862 2257 1040 2333 ἁπαξαπλῶς
1065 2256 1081 2320 δ
1103 2257 1207 2320 κανὼν
1304 2260 1305 2285 ³

194 2367 247 2436 τῆς
274 2358 452 2438 συγκρίσεως
481 2362 543 2430 τοῖς
566 2354 737 2438 ὑμογενέσιν
759 2355 885 2437 ἁρμόζει.
931 2355 947 2419 δ
970 2357 1073 2418 τοίνυν
1095 2355 1131 2416 τὰ
1153 2366 1207 2418 τοῦ

195 2459 271 2514 θεοῦ
293 2458 445 2535 τολμηρῶς
466 2454 723 2536 περιεργαζόμενος
745 2452 796 2515 καί
818 2455 937 2533 μείζονα
954 2453 1047 2536 λόγων
1064 2463 1118 2516 τοῦ
1136 2455 1208 2516 υἱοῦ

196 2549 248 2611 τὸν
270 2548 380 2631 πατέρα
401 2551 457 2629 τὴν
479 2552 632 2634 σύγκρισιν
656 2551 696 2625 ἁς
719 2550 879 2630 δμοούσιον
900 2554 1060 2633 προσίεται,
1085 2549 1143 2613 κὰν
1166 2553 1207 2631 μὴ

196 2647 346 2727 βούληται.
393 2647 559 2729 ἕτεροοόσια
580 2649 636 2731 γὰρ
660 2649 795 2729 ἀλλήλοις
821 2651 1032 2730 συγκρίνεσθαι
1054 2649 1092 2710 οό
1116 2649 1208 2711 δόνα-

157 2767 184 2808 εε
197 2768 258 2827 ται,
287 2743 353 2807 οὔτε
380 2745 489 2828 λέγεται
517 2748 621 2827 μείζων
650 2745 813 2829 ἁνθροιπος
839 2746 912 2826 βοὸς
938 2745 958 2827 ἢ
986 2748 1090 2825 μείζων
1118 2747 1209 2820 ἵππος

196 2843 329 2924 καμήλου
356 2841 377 2924 ἢ
405 2845 510 2924 μείζων
538 2843 607 2919 όνος
634 2845 748 2926 ἰχθύος.
794 2843 829 2905 τὰ
856 2843 957 2925 μέντοι
979 2868 1011 2926 γε
1033 2844 1085 2907 τὸν
1108 2844 1209 2908 ἑνικόν

268 3030 373 3094 26-γ.
389 3031 449 3090 631,
466 3032 498 3078 11
518 3025 613 3079 [nidor.
629 3025 916 3096 Pelus.Epp.111,2⁷
939 3025 1035 3096 Migne
1053 3006 1105 3080 ‘1'48
1116 3024 1148 3080 D.

269 3189 284 3236 ἵ
304 3183 529 3255 άνατρίγον-3
549 3185 659 3254 φόσεοτς
681 3203 731 3241 om.
750 3186 806 3241 AF.
832 3218 865 3226 -
891 3191 924 3239 10
943 3185 1001 3258 ἐπὶ]
1020 3186 1077 3240 ἐστὶ
1095 3184 1154 3240 RV.
1176 3218 1210 3226 —

199 3260 232 3308 16
250 3255 301 3310 τὸν
318 3254 382 3310 υίδν
401 3273 451 3311 om.
468 3255 529 3310 DE.
546 3289 579 3297 -
600 3262 632 3310 18
650 3257 683 3311 τὸ
701 3260 794 3327 μεῖζον
807 3256 883 3310 AB?
900 3257 932 3312 τό
950 3274 984 3310 m.
1000 3262 1015 3310 1
1034 3263 1066 3311 τιλ
1083 3257 1138 3310 οἰδ,
1152 3274 1209 3326 ογν.

198 3342 263 3380 vers.
278 3327 310 3380 in
323 3325 349 3379 V
366 3343 417 3380 om.
431 3326 490 3381 rell.
510 3359 545 3368 —
565 3333 597 3381 19
650 3332 709 3392 ῑζου
722 3326 827 3382 AOFP.
846 3360 880 3368 -
899 3333 934 3381 20
953 3328 1028 3393 ἅπαξ
1046 3326 1140 3390 ἁπλῶς
1159 3327 1209 3382 OD

198 3395 282 3450 EFR..
302 3427 336 3435 -
355 3402 390 3449 24
407 3397 536 3467 βούλεται
554 3397 603 3452 Bc
639 3398 694 3452 PR.
713 3430 748 3439 -
767 3397 910 3467 ἁτεροόσια
928 3397 989 3454 ER.

200 3623 234 3680 ὃ,
272 3559 356 3678 ὃργγ
378 3554 487 3623 φύσεως
509 3557 561 3610 είολ
584 3556 779 3624 παραστατικά
796 3558 826 3611 Ρ.
851 3590 884 3598 -
908 3564 924 3612 9
947 3560 996 3613 καὶ
1018 3556 1211 3629 ἀληθέστατον
1301 3592 1302 3615 ÷

220 3645 290 3695 οσον
353 3643 373 3679 ⁸·
905 3664 908 3668 ·
