2617 3909
165 209 231 274 570
480 209 669 260 οααΡΓιοα
685 209 870 260 mmor

166 358 182 421 δ
208 357 356 438 βασιλεύς·
386 358 477 435 δηλοῖ
500 354 553 435 μὲν
580 353 600 434 οἱ
625 355 675 417 διὰ
701 365 755 417 τοῦ
782 355 930 436 σχήματος
955 354 1056 435 ήθους
1078 378 1109 417 τε
1137 354 1188 416 καὶ

167 448 347 537 ἀπολογίας*
371 452 507 535 ἐνάρετόν
530 470 562 515 σε
585 452 635 513 καί
658 455 787 533 θεοσεβῆ
809 449 902 532 εἶναι,
924 456 989 533 καί,
1010 451 1117 527 καθὼς
1140 476 1186 534 γε-

67 553 358 635 41οΜγραφήιιασιν
380 549 453 631 ήμῖν
477 551 494 612 ὅ
512 574 541 611 τε
559 552 785 630 συμβασιλεὺαν
802 548 876 629 ήμῖν
897 550 948 611 καί
968 550 985 613 δ
1004 560 1057 631 τής
1070 545 1187 629 Ῥώμης

166 650 326 733 ὑγιάτατος
347 649 464 727 πάπας,
491 649 569 711 οὑτω
592 647 642 709 καί
665 648 790 727 εἴδομεν.
835 647 938 727 ἀληθῆ
961 647 1017 729 γὰρ
1039 647 1187 727 ἔγραψαν.

140 758 224 810 σνῦν
247 740 303 809 οὖν
326 746 444 819 πάντας
468 747 524 809 οὐκ
546 744 678 826 ἀγνοεῖς,
706 740 745 807 δι’
766 742 806 823 ήν
833 746 931 807 αἰτίαν
958 743 1130 807 ἀπέστειλάν
1153 761 1186 805 σε

166 844 240 927 πρὸς
263 842 351 923 ἡμᾶς,
374 842 447 905 ἀλλὰ
469 842 570 905 καὶτὸ
589 840 730 924 ήμέτερον
748 843 855 924 κράτος
877 842 1003 920 αὑτοψεί
1025 842 1185 922 διαλεχθή-

167 943 250 1003 σεταί
270 958 328 1020 σοι,
349 937 429 1003 τοῦτ’
450 941 509 1002 ἐστι
532 942 617 1023 χάριν
640 950 700 1002 τῶν
718 938 867 1022 ἡμετέρων
885 938 1008 1019 πίτνων,
1030 941 1080 1001 ἴνα
1102 941 1188 1023 πάσῃ

172 1040 328 1123 θεοσεβείᾳ
351 1038 401 1099 καί
420 1038 507 1124 φόβφ
530 1045 605 1101 θεοῦ
628 1039 752 1111 τούτους
770 1037 975 1122 ἐιιπαιδεύσῃς,
998 1038 1039 1099 ἔτι
1056 1037 1118 1117 μήν
1136 1037 1187 1098 καὶ

171 1137 227 1217 τήν
250 1138 434 1214 φιλοσοφίαν
456 1146 555 1197 πᾶσαν
577 1136 619 1209 είς
637 1134 730 1217 άτρον
752 1134 862 1209 αὐτοὺς
885 1137 1016 1220 διδάξῃς.
1053 1135 1127 1197 ἀλλὰ
1144 1136 1187 1215 μή

129 1256 155 1296 ιο
173 1235 341 1320 ὑποσταλής
364 1232 438 1314 μηδὲ
462 1235 622 1318 διανρνθῃς
644 1234 719 1314 πρὸς
741 1233 850 1306 αὐτοὺς
872 1232 1013 1295 ὑπονοῶν
1036 1233 1081 1296 ὅτι
1099 1233 1188 1295 τέιινα

169 1331 255 1413 ήμῶν
273 1333 467 1414 ὑπάρχουσιν,
487 1329 561 1410 μῃδέ
579 1330 670 1392 πάλιν
691 1328 731 1404 ὥς
750 1332 919 1410 βασιλεῦσιν
937 1331 1038 1403 αὐτοῖς
1055 1340 1188 1415 προσχής
1295 1393 1296 1398 1

168 1430 188 1512 ἢ
212 1430 352 1513 τιμήσῃς,
376 1423 439 1490 ἀλλ’
460 1426 500 1501 ὥς
523 1427 610 1491 τέιινα
632 1427 682 1489 τιαί
702 1427 840 1507 μαθῃτδις
861 1428 906 1509 ἔχε
924 1428 1034 1501 αὐτοὺς
1056 1430 1116 1507 καί,
1140 1429 1187 1489 ὅτε

57 1546 60 1551 ’
171 1525 390 1607 παραπέσωσιν,
414 1524 550 1599 ἐπέξελθε
568 1524 685 1599 αὐτούς.
722 1524 772 1585 καί
791 1535 882 1586 ταῦτα
904 1525 997 1587 εἰπὼν
1015 1524 1031 1585 δ
1050 1527 1188 1606 βασιλεὺς

177 1623 336 1696 Θεοδόσιος
358 1622 408 1683 καὶ
428 1621 548 1703 ἐνέγκας
571 1623 622 1685 τόν
642 1646 672 1685 τε
687 1619 844 1704 Ἀρτάδιον
861 1622 912 1685 ταί
927 1619 1070 1704 Ὀνώριον
1092 1645 1187 1705 παρα-

130 1741 155 1782 15
172 1722 295 1783 δίδωσιν
319 1720 429 1793 αὐτοὺς
448 1720 491 1793 είς
514 1718 566 1793 τὰς
588 1725 685 1802 χεῖρας
707 1720 800 1781 αὑτοῦ
823 1720 927 1801 λέγων·
958 1721 1025 1783 ίδοὺ
1051 1720 1112 1783 ἀπὸ
1134 1730 1187 1800 τής

172 1819 301 1899 σήμερον
320 1810 407 1890 αὑτός
421 1818 499 1879 ἐστιν
517 1816 590 1896 ἐμοῦ
604 1839 633 1878 τε
651 1816 702 1879 καί
719 1817 804 1897 ὑμῶν
821 1819 919 1901 πατὴρ
937 1818 988 1880 καί
1001 1819 1187 1891 διδάσκαλος.

172 1915 359 1977 ὑπακούσατε
378 1914 456 2000 αὐτῷ
471 1914 544 1975 κατὰ
563 1914 660 1975 πάντα
678 1914 719 1988 ὡς
736 1918 834 1996 πατρί,
852 1915 903 1978 ταί
921 1917 962 1997 μή
981 1917 1187 1998 παρακοῦσῃτε

171 2014 251 2098 αὐτῷ
263 2012 337 2094 μηδὲ
351 2012 553 2095 άντιταχθήτε.
590 2012 771 2094 παρήγγειλα
789 2013 844 2095 γὰρ
859 2014 939 2098 αὐτῷ
950 2016 1009 2094 ἴνα,
1024 2013 1078 2076 ἐδιν
1091 2036 1187 2095 παρα-

170 2112 246 2197 πέσῃ
270 2136 313 2185 τις
341 2111 420 2196 αὐτῷ
445 2112 474 2185 ἐξ
496 2112 598 2189 ὑμῶν,
624 2109 767 2195 ἐπεξέλθῃ
795 2111 874 2196 αὐτῷ
897 2110 937 2185 ὥς
960 2118 1091 2195 μαθῃτῃ.
1137 2111 1188 2173 καὶ

129 2232 156 2271 ιο
170 2220 262 2271 ταῦτα
289 2209 381 2271 εἰπὼν
409 2208 543 2291 ἀφορίζει
574 2206 676 2280 αὑτοῖς
703 2211 829 2288 πλῃσίον
855 2219 909 2270 τοῦ
936 2212 1091 2289 βασιλικοῦ
1123 2233 1186 2271 ιιοι-

171 2318 265 2380 τῶνος
293 2309 440 2389 τρίκλινον
469 2306 542 2388 με’γα
570 2306 619 2368 καὶ
647 2306 680 2367 ἐν
706 2306 786 2390 αὐτῷ
810 2307 923 2386 διάγειν
952 2306 1187 2387 παρακελεύεται.

245 2552 258 2597 1
279 2547 370 2600 Locus
390 2553 544 2615 corruptus,
562 2565 639 2617 quem
657 2551 739 2603 οανιίι
755 2550 863 2603 ratione
882 2548 992 2602 ίιῦτοτίι·
1009 2564 1110 2602 sanare
1123 2554 1188 2601 tem-

169 2622 327 2686 μίαοιναοιί.
357 2615 424 2685 ὄψις
438 2623 502 2685 post
519 2616 673 2687 ἀπολογίας
690 2619 823 2674 τ’ποετίίΒ
846 2636 896 2673 σον
915 2618 1045 2680 διάθεσις
1057 2618 1083 2672 V
1101 2618 1188 2672 κατά-

176 2704 270 2750 στασις
288 2694 336 2755 τῆς
355 2694 405 2756 σής
422 2695 516 2758 ψυχῆς
531 2687 561 2742 F.
594 2691 690 2758 δῃλοῑς
707 2690 757 2759 μὲν
776 2689 825 2745 διδι
842 2708 866 2744 ο.
882 2696 898 2743 1
917 2690 1040 2757 Marah„
1058 2692 1090 2744 ι’νι
1107 2692 1191 2744 cuius

172 2760 263 2814 codice
283 2760 443 2827 Μοεραανιεί
465 2760 535 2813 sicut
558 2761 590 2813 ιιι
611 2761 806 2815 recentioribus
824 2764 950 2816 οιαπιῦαο
969 2760 986 2829 ἡ
1006 2762 1084 2815 deest.
1122 2760 1187 2831 σχή-

174 2828 260 2899 ματός
273 2850 302 2885 τε
316 2832 365 2885 καλ
379 2828 470 2897 ήθοας
484 2826 640 2899 ἀποίογίαλ
655 2862 689 2871 -
709 2837 725 2884 2
745 2849 774 2885 σε
788 2848 839 2886 om.
858 2830 879 2885 O
897 2850 951 2900 εχιτ.
966 2849 1032 2887 vers.
1048 2831 1069 2884 F
1089 2849 1140 2885 σοο
1153 2831 1188 2885 R.

173 2934 206 2942 —
226 2908 243 2955 4
267 2901 426 2971 είδωμενΙ)
451 2900 554 2971 ίδωμεν
574 2901 657 2955 CFR.
678 2934 712 2942 -
731 2908 747 2956 6
766 2903 819 2956 αὐτ
862 2903 940 2956 λΕΕ
963 2902 1077 2972 αὑτοψή
1096 2902 1133 2957 Μ.
1151 2934 1188 2942 -

173 2978 188 3026 9
208 2973 358 3046 ἐνδιδάξῃς
375 2973 435 3027 BR.
456 3005 489 3014 -
514 2978 547 3026 10
566 2974 635 3042 μηδὲ
655 2973 703 3026 AB
728 2972 795 3043 μήτε
812 2990 843 3028 re
867 3017 873 3028 .
893 3007 926 3015 —
952 2980 982 3027 11
1003 2981 1145 3045 προσοχῆς
1161 2972 1190 3025 D

171 3045 319 3114 προσσχελς
336 3046 365 3098 F.
386 3077 419 3085 -
441 3050 473 3098 12
492 3044 607 3115 τιμήσῃς
625 3043 698 3098 AFV
717 3052 742 3099 τί
759 3061 829 3099 rece.
847 3045 963 3114 quidam
985 3044 1108 3114 τιμήσεις
1125 3043 1189 3097 rell.

172 3146 207 3154 —
228 3120 260 3167 13
278 3115 477 3181 παραπίσωσιν
491 3100 593 3169 ABER
614 3115 826 3184 παραπέσοοσιν
845 3115 904 3170 rell.
924 3148 959 3156 —
977 3133 1084 3185 παραπ.
1099 3133 1143 3169 σοι
1161 3115 1189 3167 Α

171 3186 219 3240 sed
241 3203 286 3239 σοι
308 3203 358 3240 om.
378 3188 459 3241 etiam
482 3187 511 3240 P.
536 3219 569 3227 —
593 3188 698 3250 αὐτούς
717 3186 822 3241 BOEV
845 3188 941 3249 αὐτοῖς
958 3186 1062 3240 AFNR
1085 3189 1188 3252 (παρα-

172 3253 328 3319 πίπτοντας
341 3256 488 3327 ἐπεξίρχοο
502 3258 542 3325 P).
557 3290 592 3298 —
613 3264 646 3311 14
663 3258 783 3326 δνάριον
797 3257 849 3310 ΒΙ)
869 3258 990 3324 ὀνάριον
1003 3257 1053 3310 EF
1073 3255 1191 3324 δνόριον

173 3326 221 3381 CV
240 3326 353 3393 ὁνόριον
372 3327 428 3379 ΜΡ
452 3328 616 3395 ὠνάριονΑ
640 3327 759 3395 ὠνίριον
777 3329 809 3382 R.
830 3361 864 3368 -
885 3334 973 3383 1118
992 3329 1192 3397 παρακοὺσῃτε.

175 3398 264 3451 αὑτοῦ
283 3395 372 3451 DRV.
397 3428 430 3437 --
456 3404 489 3451 18
509 3398 559 3453 ἐὰν
581 3398 732 3471 παραπέσῃ
751 3400 799 3452 ΑΒ
819 3400 868 3455 ἐάν
887 3400 1081 3468 παρατοάσῃτε
1099 3399 1188 3452 αὑτοῦ

174 3468 261 3541 (αὐτῷ
271 3465 330 3535 ΟΕ)
345 3464 362 3535 ἢ
376 3466 524 3540 παραπέσῃ
539 3468 598 3522 rell.
614 3500 649 3509 -
665 3474 697 3521 19
713 3471 789 3544 αὐτῷ
798 3491 840 3533 τις
853 3470 883 3522 Μ
902 3472 977 3544 αὐτῷ
986 3487 1036 3525 om.
1052 3470 1102 3522 AR
1120 3474 1193 3524 recte

172 3575 295 3641 fortasse.
324 3575 359 3640 cf.
373 3590 397 3627 ο.
414 3579 454 3625 13.
474 3604 509 3612 -
529 3580 561 3626 21
581 3572 668 3643 μέγαν
687 3575 711 3628 D
730 3580 799 3630 m.2
817 3541 861 3645 pes
878 3576 908 3628 Β.
