2617 3909
186 218 251 285 642
496 216 684 268 Γωοευιου
701 215 885 267 κοαιιιου

184 364 285 448 γέγονε
304 365 437 447 μέγιστος
454 362 504 425 καί
526 364 710 445 παγκόσμιος
728 362 801 427 ὥστε
820 372 919 423 πᾶσαν
941 360 997 440 τὴν
1020 361 1217 445 οἰκουμένην

185 464 302 545 σχεδὸν
316 468 490 542 πτωθῆναι,
517 460 567 523 καί
597 460 653 540 τὴν
675 461 832 523 θάλασσαν
855 458 1032 541 ἀναριχάναι
1055 463 1140 541 μίλια
1164 460 1217 541 β’,

185 560 235 623 καλ
258 559 422 625 ἀπολέσθαι
449 564 538 621 πλοῖα
560 558 593 621 έν
615 568 650 643 τῇ
674 567 728 619 τοῦ
750 558 859 631 ἀδατος
881 556 1061 639 ἀναχαιτίσει
1084 560 1216 623 διαπλέ-

186 682 257 721 οντα
284 659 441 737 πάμπολλοι
468 655 518 718 καί
545 655 745 736 ἀναρόθμητα.
793 654 844 716 καί
875 655 909 717 έν
938 653 992 735 μέν
1019 664 1055 741 τῇ
1080 652 1216 742 Ἀραβίᾳ

67 779 145 821 τινα.
161 756 238 820 ικαὶ
260 756 445 839 Παλαιστίνῃ
473 753 523 816 καλ
549 755 769 838 Μεσοποταμία
796 751 846 814 καί
870 745 1030 837 Ἀντιοχείᾳ
1057 756 1214 817 κατεπτό-

187 860 288 934 θησαν
311 853 411 925 πόλεις
431 850 537 942 πολλαί
557 850 607 913 καί
625 860 732 931 κῶμαι,
755 848 806 912 καί
824 850 1061 931 συνελήφθησαν
1082 850 1213 933 ἀνθρώ-

74 988 78 995 ·
187 972 254 1011 πων
281 950 385 1028 πλήθη
414 947 464 1010 καί
491 947 621 1030 ἀλόγων,
649 948 683 1011 ἐν
709 946 742 1010 δὲ
765 947 1078 1010 Κωνσταντινονπόλει
1101 948 1214 1030 ἔκκλη-

187 1050 248 1110 σίαι
271 1046 321 1109 καί
343 1042 421 1109 οἶκοι
443 1046 547 1111 πολλοὶ
568 1045 737 1107 πεπτώκασι
758 1044 809 1106 καί
832 1044 864 1106 τό
886 1050 1025 1107 πλεῖστον
1046 1044 1135 1129 μέρος
1153 1058 1211 1110 τοῦ

187 1147 300 1227 τείχους
322 1155 375 1225 τῆς
393 1144 515 1225 πόλεως,
537 1142 588 1205 καὶ
610 1142 763 1206 ἀπέθανεν
785 1142 819 1206 έν
841 1148 903 1215 τοῖς
919 1144 1134 1223 συμπτώμασιν
1152 1145 1212 1207 άν-

148 1267 175 1311 ιο
188 1245 321 1324 θρώπων
340 1248 458 1323 πλῆθος
476 1240 609 1323 ἀπειρον,
632 1240 683 1305 καί
704 1241 900 1321 ἐπεκράτησεν
919 1238 936 1301 ό
959 1241 1076 1322 σεισμός
1094 1240 1211 1325 ἡμέρας

187 1341 238 1407 καί
264 1342 374 1415 νύκτας
402 1337 439 1419 μ’.
489 1339 539 1401 καλ
566 1350 626 1422 πῦρ
653 1338 752 1418 έφάνη
766 1338 814 1417 Ιἐν
843 1345 883 1422 τῷ
906 1337 1025 1424 οάρανῶ
1054 1338 1095 1413 ῶς
1126 1335 1211 1415 εἶδος

188 1440 294 1521 λόγχης
320 1432 381 1500 ἀπό
402 1434 511 1518 άρκτον
539 1435 587 1499 ἐπὶ
615 1436 730 1517 δυσμὰς
752 1435 847 1498 ἕλκον.
892 1436 941 1497 καὶ
963 1436 1065 1519 γέγονε
1087 1440 1210 1518 σεισμός

187 1538 292 1615 πάλιν,
320 1536 392 1597 ὥστε
420 1540 531 1597 παθεῖν
558 1536 593 1596 τδι
621 1536 677 1597 δύο
704 1536 783 1615 τείχη
806 1534 1149 1610 Κωνοταντινουπόλεως
1174 1537 1209 1598 τό

188 1632 363 1694 ἀνατολικὸν
386 1632 491 1694 καὶτὸ
514 1632 651 1712 δυτικόν,
679 1631 730 1693 καί
756 1630 862 1693 πολλαί
884 1631 1034 1711 ἐκκλησίαι
1056 1631 1106 1694 καί
1129 1628 1209 1696 οίκοι

149 1751 175 1795 18
189 1728 244 1801 ἕως
266 1729 399 1807 ἐδάφους
421 1727 593 1807 κατέπεσον,
616 1726 690 1790 ἀλλά
713 1728 773 1808 μὴν
795 1727 845 1789 καὶ
867 1728 903 1789 τὰ
925 1729 1083 1809 προάστεια
1104 1730 1155 1792 καὶ
1174 1733 1209 1794 τό
1301 1739 1302 1794 ἶ

183 1821 301 1907 Ῥήγιον
314 1823 541 1905 ἠδαφίσθησαν,
559 1824 609 1887 καὶ
627 1825 732 1889 πολλοί
745 1825 909 1905 ἀπώλοντο,
927 1826 978 1887 καί
996 1828 1209 1910 διεφθάρησαν
1301 1825 1302 1830 ¹

189 1925 221 1991 οἱ
240 1924 325 1987 τόποι
353 1920 393 1995 ὡς
421 1921 496 2002 μηδὲ
523 1924 720 2007 γνωρίζεσθαι
746 1924 857 1998 αάτοάς
884 1923 1017 2006 εὐχερῶς.
1062 1924 1111 1985 καί
1141 1925 1155 1986 έ
1194 1962 1209 1973 ·

189 2022 333 2103 κράτησεν
360 2018 379 2100 ἡ
407 2030 445 2102 γῆ
474 2019 609 2101 σειομένη
639 2022 784 2101 διηνεκῶς
815 2019 926 2103 ἡμέρας
958 2020 1008 2083 καί
1040 2023 1150 2096 νύκτας
1178 2022 1209 2085 ι’.

190 2120 236 2187 διὸ
259 2118 310 2181 καί
332 2119 519 2198 λυπούμενος
537 2117 553 2181 ὁ
574 2119 714 2199 βασιλεὺς
731 2119 773 2193 εἰς
790 2118 827 2179 τὰ
848 2118 988 2200 γενέθλια
1010 2118 1060 2181 καί
1082 2120 1208 2183 τάθεο-

149 2240 176 2281 εο
191 2218 285 2295 φάνια
307 2216 396 2299 χωρὶς
418 2225 471 2277 τοῦ
499 2215 660 2296 στέμματος
683 2222 816 2298 προῆλθε
838 2215 890 2278 καί
916 2216 952 2278 τδι
974 2216 1004 2291 ἐξ
1027 2217 1119 2291 ἔθους
1142 2217 1208 2300 ἀρι-

189 2316 347 2378 στόδειπνα
365 2324 431 2393 τῆς
463 2313 691 2394 δωδεκαημέροο
725 2313 781 2376 οάκ
816 2313 970 2395 ἐποίησεν,
1006 2313 1079 2377 ἀλλά
1110 2317 1208 2378 πάντα
1302 2315 1303 2362 ί

190 2398 316 2491 πτωχοῖς
339 2408 491 2490 διένειμεν.
536 2411 578 2472 ἔτι
605 2410 667 2490 μὴν
693 2404 786 2485 αάθις
813 2410 962 2493 ἐπεγένετο
987 2412 1152 2475 θανατικδν
1175 2414 1209 2476 ἐκ

263 2568 348 2616 τ-ιι
368 2564 402 2629 cf.
422 2562 488 2616 Mal.
504 2580 534 2632 p.
549 2568 611 2632 488,
626 2570 660 2617 28
679 2564 804 2635 Theoph.
822 2581 851 2633 p.
867 2570 928 2632 τοο,
949 2571 973 2619 τ.
992 2597 1027 2605 -
1047 2570 1206 2635 11-18010.

190 2632 257 2686 Mal.
268 2650 298 2701 p.
313 2638 419 2701 488,18
434 2633 558 2703 Theoph.
569 2652 599 2703 p.
616 2640 677 2703 280,
687 2640 729 2689 88.
750 2667 783 2676 -
804 2633 908 2690 ιε’-οε
923 2636 958 2703 cf.
973 2636 1039 2690 Mal.
1051 2655 1081 2706 p.
1096 2642 1157 2704 488,
1172 2643 1208 2691 εο

186 2703 356 2847 ἷθὲιφφφὶφ.
372 2709 433 2772 231,
449 2709 490 2757 14.
506 2708 540 2745 ἐ-
559 2710 655 2775 22—1).
672 2711 733 2774 643,
748 2713 764 2760 3
783 2709 817 2775 cf.
833 2706 899 2760 Mal.
911 2723 940 2775 p.
955 2712 1017 2775 488,
1034 2714 1066 2761 15
1080 2707 1207 2778 Theoph.

262 2898 278 2947 θ
298 2890 461 2961 πτοηθῆναι
474 2891 531 2945 AR.
549 2924 582 2933 ·—
603 2899 635 2946 18
653 2892 740 2947 έλκων
754 2891 869 2947 ODGV.
884 2924 918 2933 -
937 2898 970 2948 18
987 2893 1020 2947 τδ
1039 2894 1209 2949 ἀνατολικὸν

191 2963 513 3091 υλκιειαι
525 2962 1208 3105 ιιιειυιιςλιιιαιυκ
1232 2994 1237 3001 ·

192 3112 255 3159 ante
272 3105 308 3159 τὰ
326 3123 377 3161 σοι.
392 3103 440 3159 GV
458 3112 483 3161 ελ
499 3122 570 3160 rece.
588 3105 705 3173 quidam
727 3105 763 3160 τά
780 3122 831 3161 om.
851 3105 881 3159 Ιι.
905 3137 940 3147 -
963 3111 997 3160 18
1016 3102 1108 3175 όίγιον
1126 3106 1207 3160 ADG

192 3172 305 3245 όήγειον
318 3176 369 3229 BL
388 3173 493 3246 όίγειον
507 3175 533 3229 V
552 3173 630 3247 ᾇίγιν
643 3176 673 3229 Ρ.
692 3208 728 3268 -ῑ
745 3173 950 3246 ἠφανίσθησαν
968 3176 1052 3230 ELR.
1073 3209 1106 3217 -
1127 3183 1159 3230 17
1179 3178 1208 3232 οἱ

191 3243 417 3383 ηόῠῇηηαΑξξΕοί
435 3264 485 3302 om.
504 3247 564 3301 rell.
589 3278 622 3287 -
647 3252 681 3301 18
699 3266 735 3302 τα
753 3254 817 3303 ante
834 3252 919 3317 θεοφ.
932 3264 989 3338 Ιουι.
1010 3247 1067 3301 ΒΡ.
1087 3278 1121 3288 -
1139 3252 1208 3303 θεο-

266 3442 279 3489 1
300 3434 426 3505 μέγιστός
442 3458 472 3494 τε
490 3440 567 3495 πάνυ
586 3442 635 3493 καί
653 3439 790 3511 παγκόσμ.
808 3442 837 3495 P.
858 3473 891 3482 -
912 3448 945 3495 10
964 3440 1158 3511 ἀπεκράτησεν
1175 3442 1208 3497 P.

193 3537 228 3550 -—
248 3512 280 3559 11
299 3506 403 3567 νόιιτας
420 3508 452 3576 μ’
466 3518 561 3565 πᾶσαν
578 3510 630 3580 τὴν
647 3518 700 3579 γῆν
718 3512 919 3581 καταστρέφων
937 3512 968 3565 Ρ.
987 3544 1021 3554 -
1041 3518 1075 3565 22
1094 3513 1134 3566 έτι
1151 3513 1207 3582 μην

194 3572 281 3639 αόθις
299 3574 446 3645 γενόμενος
463 3582 514 3645 (sic
527 3597 595 3635 corr.
610 3598 644 3635 ου
657 3579 819 3651 γενόμενον,
836 3601 870 3637 m.
886 3588 902 3637 1
917 3584 1029 3651 κίυίδ.)
1044 3582 1207 3650 ἀνθρώπων
