2617 3909
181 221 247 285 ’142
490 223 678 277 ΓΕΩΡΓΙΟΤ
695 225 878 276 ΜΟΝΑΧΟΤ

250 370 329 432 Φασὶ
353 370 385 432 δέ
402 394 479 444 τινες
502 370 550 432 καλ
572 379 658 433 τούτο
677 372 845 435 πιστότατοι
867 370 983 454 ἀνδρες,
1007 372 1052 434 ὅτι
1070 371 1146 454 πρός
1165 382 1203 457 τῇ

180 473 323 554 Βασιλικῇ
342 466 511 553 καλουμένη
534 467 689 552 κινστέρνη
710 478 745 555 τῇ
765 469 841 555 ούση
859 471 986 549 πλησίον
1005 479 1064 531 τῶν
1082 474 1203 532 Χαλκο-

180 569 327 650 πρατείων
349 567 492 629 παλότιον
515 559 692 648 ἧνσεμνόν,
714 567 748 629 ἐν
766 554 790 652 ᾧ
805 565 917 649 ὑπῆρχε
939 567 1013 629 κατὰ
1031 569 1128 629 τύπον
1150 567 1204 650 ἀρ

182 672 267 752 χοῶν
299 665 506 744 οίκουμενικός
538 665 716 738 διδάσκαλος
746 664 821 745 ἔχων
851 659 919 745 μεθ’
946 665 1054 727 ἑαυτοῦ
1084 664 1205 747 ἑτέρους

155 763 321 844 ιμαθητδις
352 762 446 824 αὐτοῦ
475 762 525 824 καὶ
555 763 758 844 συλλήπτορας
789 765 973 844 προύχοντος
1005 761 1118 844 ἀνδρας
1152 764 1206 826 τὸν

182 861 316 943 ἀριθμόν
339 857 384 941 ιβ’
403 870 503 921 πᾶσαν
526 859 692 940 ἐπιστήμην
716 859 944 942 μετερχομίνους
966 860 1016 922 καὶ
1039 861 1075 921 τὰ
1099 861 1204 940 ἐκκλη-

183 958 318 1021 σιαστικά
334 957 534 1039 κρατύνοντος
552 957 694 1040 δόγματα,
713 957 865 1038 βασιλικὰς
884 960 998 1034 διαίτας
1014 959 1064 1020 καὶ
1079 961 1205 1040 βίβλους

184 1055 324 1131 ὡσαύτως
350 1056 484 1137 ἔχοντας,
511 1049 555 1117 ῶν
583 1058 615 1118 οί
634 1058 764 1136 βασιλεῖς
790 1053 863 1118 ἀνευ
891 1057 1006 1137 βουλὴν
1031 1054 1053 1136 ἢ
1078 1058 1205 1139 γνώμην

185 1153 242 1217 ούκ
264 1154 428 1229 ἐθέσπιζον.
475 1155 598 1228 τούτους
621 1153 638 1217 ὁ
661 1153 840 1236 ἀγριώτατος
862 1153 924 1235 θὴρ
952 1154 1002 1215 καὶ
1024 1155 1205 1235 δυσώνυμος

144 1276 173 1316 το
184 1254 336 1333 βάναυσος
353 1254 626 1334 προσκαλεσάμενος
640 1253 775 1334 ἐπειρᾶτο
788 1252 906 1313 πείθειν
920 1251 1092 1315 συνθέσθαι
1111 1253 1204 1316 αύτού

185 1361 220 1436 τῇ
240 1351 338 1437 ἀθεΐηι.
375 1361 435 1412 τῶν
452 1349 485 1412 δὲ
502 1361 589 1412 τούτο
607 1351 648 1430 μὴ
667 1349 919 1430 καταδεξαμένων,
938 1349 1012 1412 ἀλλὰ
1028 1350 1079 1412 καὶ
1094 1357 1206 1431 μᾶλλον

186 1450 365 1531 ἕλεγξάντων
383 1448 477 1511 αύτοῦ
491 1448 546 1527 τὴν
560 1446 707 1530 ἀσέβειαν,
726 1447 882 1530 προσέταξε
896 1447 1082 1529 συρομένους
1096 1450 1207 1523 αύτούς

186 1547 298 1626 ἀτίμως
324 1547 357 1609 έν
384 1553 425 1631 τῷ
450 1546 530 1631 αύτῷ
554 1546 634 1632 τόπῳ
662 1555 715 1608 τοῦ
739 1547 946 1608 διδασκαλείου
973 1545 1073 1608 αὐτῶν
1097 1547 1206 1629 ἐγκλει-

187 1651 309 1724 σθῆναι.
355 1645 462 1707 τούτου
491 1642 523 1706 δὲ
550 1643 712 1726 γενομένου
739 1653 775 1729 τῇ
802 1642 887 1706 νυκτὶ
914 1645 1004 1706 πόλιν
1031 1642 1207 1718 ἀποστείλας

147 1740 204 1805 ιεὸ
223 1741 371 1823 ἀνήμερος
393 1743 512 1822 δράκων
530 1743 750 1823 νυκτεποίρχους
768 1741 850 1816 τιυόις
872 1741 922 1802 καὶ
945 1741 1071 1821 ἀπηνεῖς
1094 1741 1207 1825 ἀνδρας

187 1839 343 1922 προσέταξε
367 1846 557 1920 συναχθῆναι
579 1845 697 1920 πλῆθος
720 1840 817 1913 ξύλων
839 1840 1022 1903 καὶτούτων
1045 1841 1206 1921 ύπαφθέν-
1286 1901 1287 1929 χ

187 1962 247 2000 των
269 1948 454 2017 κατακαῆναι
475 1938 546 2012 τούς
567 1936 680 2018 ἀνδρας
708 1938 764 2000 σύν
791 1949 850 2000 τῶν
873 1940 1043 2018 οἰκημάτων
1071 1939 1125 2002 καὶ
1151 1951 1207 2002 τῶν

188 2038 311 2118 βιβλίων
334 2036 384 2098 καλ
406 2046 466 2098 τῶν
484 2042 596 2098 λοιπῶν
619 2036 722 2110 αύτοῖς
744 2035 945 2118 ὑπαρχόντων.
987 2029 1024 2098 ού
1042 2038 1207 2118 γενομένου
1285 2109 1286 2116 χ

188 2135 295 2208 πάντες
318 2132 414 2215 ἀρδην
436 2132 687 2214 κατεφλέχθησαν.
729 2133 823 2196 έκτοτε
846 2127 902 2196 ούν
920 2132 939 2213 ἡ
959 2143 1018 2196 τῶν
1036 2135 1208 2216 ἐπιστημῶν

148 2254 177 2294 εο
189 2243 298 2314 γνῶσις
325 2233 357 2295 έν
376 2226 522 2316 Ῥωμανίηι
550 2230 687 2292 έσπάνισε
714 2241 749 2316 τῇ
775 2243 834 2293 τῶν
857 2231 1076 2312 βασιλευόντων
1104 2253 1207 2317 γνωσι·

191 2332 292 2412 μόχων
323 2330 451 2416 ἀπονοίᾳ
484 2328 644 2410 μειουμένη
677 2329 732 2404 ἕως
763 2340 822 2392 τῶν
851 2328 970 2411 ἡμερῶν
992 2326 1130 2412 ’Μιχαὴλ
1161 2331 1208 2394 καὶ
1284 2371 1285 2416 4

194 2429 349 2510 Θεοδώρας
371 2438 431 2488 τῶν
454 2428 584 2509 εύσεβῶν
606 2426 656 2488 καλ
679 2437 790 2489 πιστῶν
813 2426 965 2509 βασιλέων.

265 2667 351 2716 1-22
370 2664 406 2730 cs.
421 2661 544 2716 eodinus
563 2661 599 2717 de
618 2661 755 2717 aedificiis
769 2680 799 2732 γ.
815 2667 857 2716 83.

264 2856 279 2902 2
299 2848 445 2922 κινστέρνη
469 2848 583 2903 BMRV
605 2847 751 2922 κιγστέρνη
770 2851 792 2903 L
815 2848 943 2922 κιστέρνη
962 2857 994 2904 ut
1011 2851 1067 2905 vid.
1086 2869 1124 2906 m.
1142 2859 1159 2906 1
1178 2851 1209 2905 D.

193 2921 364 3048 κίοι
380 2919 703 3048 ικένλλιί
720 2921 753 3046 λ·
768 2919 917 3048 κῶν
930 2919 1029 3048 ina
1049 2925 1209 3049 νίκα

192 3014 310 3134 guidam
329 3063 401 3119 κατδι
414 3065 464 3120 τὸν
478 3011 538 3135 ἀρὲ
549 3036 641 3119 τύπον
652 3080 723 3118 rece.
733 3062 793 3119 rell.
809 3065 929 3136 ἀρχαῖον
942 3081 992 3118 om.
1003 3064 1040 3117 Μ.
1055 3014 1124 3120 -ρχ4
1139 3038 1210 3121 ἑταί-Ι

195 3155 261 3202 ρους
278 3135 310 3188 A.
330 3168 364 3175 -
384 3141 400 3189 8
420 3135 524 3206 βουλὴν
542 3132 559 3204 ἢ
579 3137 692 3205 γνώμην
710 3136 735 3188 Α
758 3135 862 3208 βουλὴν
880 3136 929 3189 καλ
948 3136 1061 3205 γνώμην
1080 3135 1211 3191 OELNV

195 3208 297 3276 βουλῆς
310 3203 327 3274 ἦ
342 3206 487 3276 γνώμηςΒ
507 3204 609 3278 βουλῆς
627 3207 731 3276 (αὐτῶν
748 3208 811 3261 αδδ.
827 3206 965 3276 nonnulli)
984 3208 1033 3261 ιιαλ
1051 3208 1168 3278 γνώμης
1179 3209 1209 3262 Β.
1279 3253 1281 3266 ,

195 3307 229 3315 -
250 3281 283 3328 10
302 3277 377 3349 αύτῷ
387 3278 421 3330 N.
436 3310 471 3317 -
491 3283 524 3330 13
543 3275 726 3333 διδασκαλίου
743 3277 832 3332 BCN.
848 3309 881 3319 -
903 3283 934 3330 17
955 3278 1018 3350 σύν]
1037 3279 1108 3347 μετὰ
1124 3279 1209 3333 BRV.

196 3378 230 3385 -
251 3351 283 3398 18
302 3355 358 3402 τῶν
376 3351 480 3402 λοιπῶν
499 3358 554 3402 τῶν
573 3349 622 3403 BV
644 3352 749 3403 λοιπῶν
768 3357 823 3403 τῶν
842 3349 871 3402 L.
896 3381 930 3389 -—
956 3354 988 3402 19
1008 3349 1210 3420 έπιστήμωνλ

197 3412 345 3482 ἐπιστύμων
365 3416 386 3469 Ο
410 3417 600 3487 ἐπιστημόνων
618 3418 651 3473 R.

271 3603 356 3648 1-22
376 3614 425 3651 om.
441 3598 463 3650 P
481 3602 590 3671 αλιαραι
609 3605 706 3660 ἐκτενῶ
723 3607 833 3660 seorsim
850 3607 963 3662 edenda.
