2617 3909
530 258 719 309 XPONIKON
1064 256 1129 321 399

114 406 149 469 έν
182 404 260 491 μέσῳ
292 424 361 486 σου,
393 404 443 466 καὶ
475 403 561 466 τέκνα
593 406 740 487 φάγονται
771 404 896 487 πατέρας
923 405 1029 468 αὐτῶν.
1080 406 1130 468 καί

115 503 233 583 ποιήσω
255 503 288 566 έν
311 522 358 565 σοι
380 504 505 584 κρίματα
528 503 578 565 καί
600 505 747 584 διασπερῶ
770 503 883 576 πάντας
904 502 974 577 τούς
995 505 1130 566 καταλοί-

116 624 194 675 πονς
217 620 272 664 σου
295 601 338 675 είς
360 602 457 663 πάντα
480 599 599 683 άνεμον,
622 596 695 661 ἀνθ’
717 594 760 663 ὧν
782 601 818 662 τὰ
840 602 910 683 άγιά
932 624 995 682 μοο.
1009 601 1130 682 έμίανας

9 758 11 763 .
115 699 149 761 ἐν
171 709 245 761 πᾶσι
266 704 329 773 τοῖς
351 700 590 781 προσοχθίσμασί
610 716 675 779 σου,
697 698 779 781 κάγὼ
801 698 960 779 ἀπάσομαί
976 719 1007 762 σε
1024 698 1075 761 καὶ
1094 699 1129 761 ού

116 798 158 877 μὴ
187 797 294 877 έλεήσω
322 816 354 859 σε
381 798 430 861 ἔτι.
476 797 507 860 τὸ
530 796 666 879 τέταρτόν
693 815 748 859 σον
770 797 803 859 έν
826 798 948 883 θανάτφ
970 797 1130 877 ἀναλωθύ-
1157 818 1169 858 σ

116 912 207 975 σεται,
230 895 280 957 καὶ
302 896 335 957 τὸ
356 894 491 977 τέταρτόν
509 913 564 957 σου
582 895 615 957 έν
633 902 708 980 λιμῷ
722 896 983 975 σοντελεσθήσειαι
1000 895 1033 957 έν
1052 895 1129 982 μέσῳ

117 1011 173 1054 σου
196 994 247 1056 καλ
269 992 301 1054 τὸ
324 992 459 1075 τέταρτόν
482 1011 537 1055 σου
555 993 588 1056 ἐν
606 995 740 1079 ῥομφαίᾳ
763 1004 922 1056 πεσοῦνται
943 995 1041 1078 κύκλῳ
1065 1012 1130 1075 σοο,

116 1091 168 1153 καί
190 1091 222 1154 τὸ
249 1089 384 1173 τέταρτόν
412 1109 467 1153 σον
490 1092 532 1165 είς
554 1092 651 1153 πάντα
673 1090 783 1172 ἀνεμον
806 1093 995 1174 διασκορπιῶ.
1040 1092 1091 1154 καί
1113 1092 1130 1155 6

116 1188 172 1269 μὲν
194 1189 321 1269 πύλεμος
343 1187 393 1251 καί
415 1187 435 1268 ἡ
458 1190 592 1272 ῥομφαία
614 1190 737 1271 έξωθεν,
760 1189 776 1252 6
799 1188 831 1251 δέ
854 1189 938 1269 λιμὸς
959 1189 1010 1252 καί
1032 1188 1048 1251 6
1071 1191 1130 1252 θά-

117 1310 207 1360 νατος
233 1287 348 1350 ἔσωθεν
376 1284 562 1369 ίλοθρεύσει,
590 1287 639 1348 καί
662 1287 732 1360 τοὺς
754 1285 808 1366 μὲν
831 1287 863 1349 έν
885 1294 924 1372 τῷ
943 1289 1034 1372 πεδίῳ
1057 1289 1129 1371 ῥομ-
1143 1310 1169 1350 ιο

117 1385 196 1462 φαία
222 1384 398 1465 τελεατήσει,
427 1385 497 1457 τοὺς
524 1382 556 1446 δέ
584 1384 616 1446 ἐν
643 1395 679 1470 τῇ
707 1384 789 1446 πόλει
815 1384 899 1465 λιμὸς
925 1385 975 1447 καί
998 1386 1129 1460 θάνατος
1143 1407 1182 1448 ωε
1196 1405 1230 1445 M.

117 1482 294 1563 σνντελέσει,
327 1485 358 1545 οί
384 1481 416 1545 δὲ
443 1483 473 1557 ἐξ
501 1482 598 1545 αὐτῶν
630 1479 848 1563 ἀνασωζόμενοι
875 1482 1129 1563 ἀναλωθήσονται.

117 1580 169 1643 καί
191 1580 390 1661 ὑπολείψομαι
413 1581 443 1656 ἐξ
470 1582 568 1643 αὐτῶν
591 1582 623 1643 έκ
646 1582 796 1664 ῥομφαίας
818 1580 869 1642 καί
891 1586 977 1660 λιμοῦ
1000 1580 1050 1643 καί
1071 1588 1130 1642 θα-

116 1681 225 1760 νάτου,
253 1679 333 1752 ὅπως
360 1677 398 1741 ἀν
421 1679 614 1761 ἐκδιηγῶνται
636 1678 688 1753 τὰς
710 1678 836 1759 ἀνομίας
857 1678 957 1740 αύτῶν
978 1680 1075 1753 πάσας
1098 1679 1130 1742 έν

117 1783 181 1850 τοῖς
204 1777 335 1857 ἔθνεσιν,
357 1776 407 1838 καί
429 1778 602 1859 γνώσονται,
626 1778 671 1839 ὅτι
689 1776 745 1859 ἐγὼ
763 1778 865 1860 κύριος
884 1776 900 1839 6
918 1778 1044 1839 τύπτων.
1081 1776 1131 1839 διὰ
1144 1798 1169 1840 σε

118 1875 156 1955 δὴ
185 1875 271 1937 τοῦτο’
295 1893 389 1954 φησιν
412 1875 428 1937 6
452 1875 529 1956 ἱερὸς
552 1874 773 1956 Χροσύστομος·
805 1875 860 1937 οὐκ
882 1873 1001 1955 ἀναιρεῖ
1018 1874 1131 1949 πάντας

116 1971 225 2054 ἀέρδην,
248 1971 320 2033 ἀλλὰ
344 1974 499 2054 σκορπίζει.
544 1983 629 2035 τοῦτο
652 1972 708 2055 γάρ
731 1974 987 2055 προύπεμφαίνων
1009 1971 1026 2035 6
1047 1979 1131 2047 θεῖος

116 2070 218 2132 Λαοὶδ
240 2070 299 2150 ἔφη
322 2070 396 2151 πρὸς
419 2070 521 2132 αύτόν·
553 2071 592 2150 μὴ
616 2070 792 2155 ἀποκτείνῃς
815 2071 939 2149 αύτούς,
966 2068 1032 2149 ἤτοι
1054 2071 1130 2131 πάν-

116 2192 183 2249 τας,
212 2167 284 2230 ἀλλὰ
307 2168 532 2251 ὃιασκόρπισον,
555 2168 586 2242 ἐξ
608 2168 707 2230 αὐτῶν
730 2170 901 2249 δήπουθεν,
924 2168 958 2230 έν
978 2176 1014 2253 τῇ
1038 2168 1130 2229 δονά-

115 2289 165 2346 μει
189 2283 251 2328 σον.
1144 2287 1170 2327 εο

186 2363 262 2445 Περὶ
282 2363 314 2426 δέ
331 2387 363 2445 γε
381 2374 434 2443 τῆς
452 2364 589 2446 δευτέρας
606 2365 699 2426 αὐτοῦ
718 2364 856 2437 ἐλεύσεως
874 2363 924 2425 καί
937 2364 1130 2445 φανεράσεως

116 2461 169 2523 καί
198 2467 307 2542 πολλῆς
333 2461 384 2523 καί
407 2461 646 2544 ἀπαραμυθήτοο
668 2464 803 2540 θλίψεως
826 2461 924 2523 αὐτῶν
947 2456 1009 2523 είπε
1033 2466 1129 2543 Ζαχα-

116 2562 198 2642 ρίας·
222 2560 284 2623 τότε
306 2559 370 2638 ἥξει
392 2560 495 2641 κύριος
514 2558 530 2622 6
549 2559 620 2634 θεὸς
642 2556 739 2640 ἡμῶν,
761 2559 811 2621 καί
833 2558 913 2621 ἔσται
934 2560 1057 2632 κοπετὸς
1080 2559 1130 2639 μέ-

116 2681 173 2739 γας
195 2656 228 2719 έν
247 2650 443 2739 Ἰερουσαλήμ.
490 2654 616 2735 ’άψονται
639 2656 695 2738 γάρ
714 2658 755 2731 είς
773 2654 808 2719 ὃν
826 2655 1025 2738 ἐξεκέντησαν,
1048 2651 1127 2719 τοῦτ’

116 2756 196 2817 ἔστιν
228 2753 260 2816 έν
292 2748 337 2827 οίς
369 2755 451 2835 ἥλοις
478 2755 681 2836 προσήλασαν.
732 2754 788 2816 ούκ
814 2748 907 2816 είπεν·
939 2752 1066 2834 ὄψονται
1093 2752 1129 2816 ὃν
1143 2777 1169 2817 25

190 2933 206 2981 ο
225 2926 271 2980 Ετ.
288 2932 312 2995 ι,
328 2932 369 2981 ιο.
390 2958 423 2968 -
443 2932 477 2981 13
495 2925 541 2979 Ez.
563 2932 604 2994 ιε,
621 2931 662 2979 ιο.
682 2957 716 2966 -
736 2931 770 2980 18
788 2925 890 2980 Psalm.
905 2931 939 2980 τε
954 2928 1018 2995 (σε),
1034 2932 1074 2981 12.
1095 2958 1128 2967 -

117 3004 152 3051 τε
173 2998 255 3052 Zach.
272 3004 370 3065 12,11.
390 3028 426 3039 -
444 3004 478 3051 ει
498 2996 579 3051 Zaeh.
597 3003 638 3066 σε,
654 3002 688 3051 10
707 2999 751 3068 (cf.
766 2997 814 3051 Ev.
829 2998 891 3051 Joh.
907 3003 950 3065 19,
964 3001 1017 3067 ει).

191 3145 206 3192 ‘1
229 3149 353 3195 πεσεῖται
375 3140 459 3195 BFR.
488 3172 521 3180 -
548 3146 564 3194 8
587 3135 778 3208 διασκορπίσω
796 3140 821 3192 A
847 3148 969 3208 σκορπιῶ
988 3138 1070 3193 ΝΕτ,
1095 3171 1128 3180 -

119 3218 153 3265 14
177 3211 372 3281 έκδιηγοῦνται
394 3211 428 3265 N.
452 3244 487 3252 -
513 3217 546 3265 19
571 3212 599 3276 ἐξ
622 3210 727 3281 αὐτῶν]
750 3211 854 3273 αύτούς
871 3210 905 3265 N.
930 3242 962 3252 -
989 3217 1021 3264 21
1042 3211 1130 3265 αύτοῦ

118 3283 250 3346 ἐλεύσεως
269 3282 341 3336 BFP
365 3282 494 3344 ἐλεύσεως
515 3283 603 3337 αὐτοῦ
625 3282 685 3336 rell.
709 3313 743 3323 -
767 3287 800 3335 22
824 3283 873 3336 καλ
895 3289 959 3337 ante
980 3283 1129 3350 ἀπαραμυ-

116 3352 209 3421 θήτοο
228 3372 262 3409 m.
278 3360 293 3407 1
308 3370 362 3423 apr.
377 3371 401 3409 ο.
416 3353 441 3408 V
455 3371 505 3408 om.
521 3354 601 3407 ALR.
617 3385 649 3393 -
670 3357 704 3406 25
724 3351 758 3408 ὃν
777 3353 955 3423 ἐξεκέντησαν
970 3352 1091 3423 ἀψονται
1105 3353 1127 3406 Β

118 3424 241 3495 ὄψονται
264 3442 313 3479 om.
328 3425 420 3478 ΑΜΒ.

190 3572 207 3619 4
225 3570 360 3638 προσογθ.
376 3584 426 3621 σοο
444 3568 493 3621 καί
512 3566 541 3621 έν
555 3576 624 3623 πάσι
642 3575 702 3630 τοῖς
717 3564 885 3638 βδελύγμασί
899 3565 985 3619 σοοΡ
1003 3561 1130 3634 (ἐμίανας

118 3639 149 3694 ἐν
167 3646 237 3692 πᾶσι
258 3647 315 3702 τοῖς
333 3636 501 3709 βάελύγμασί
519 3656 568 3693 σον
587 3638 652 3709 Ea).

172 3736 316 3787 Georgius
330 3738 489 3779 Monachun
504 3738 539 3779 ed.
556 3738 584 3778 de
597 3738 665 3777 Boor.
687 3737 719 3775 H.
936 3729 969 3776 26
