<?xml version="1.0" encoding="UTF-8"?>
<!DOCTYPE html PUBLIC "-//W3C//DTD XHTML 1.0 Transitional//EN"
    "http://www.w3.org/TR/xhtml1/DTD/xhtml1-transitional.dtd">
<html xmlns="http://www.w3.org/1999/xhtml" xml:lang="en" lang="en">
 <head>
  <title>
</title>
<meta http-equiv="Content-Type" content="text/html;charset=utf-8" />
  <meta name='ocr-system' content='tesseract 3.04.00' />
  <meta name='ocr-capabilities' content='ocr_page ocr_carea ocr_par ocr_line ocrx_word'/>
</head>
<body>
  <div class='ocr_page' id='page_1' title='image "./georgiimonachic00boorgoog_0058.png"; bbox 0 0 2617 3909; ppageno 0'>
   <div class='ocr_carea' id='block_1_1' title="bbox 186 250 886 314">
    <p class='ocr_par' dir='ltr' id='par_1_1' title="bbox 186 250 886 314">
     <span class='ocr_line' id='line_1_1' title="bbox 186 250 886 314; baseline -0.019 0"><span class='ocrx_word' id='word_1_1' title='bbox 186 250 254 314; x_wconf 84' lang='lat'><strong><em>434</em></strong></span> <span class='ocrx_word' id='word_1_2' title='bbox 500 251 687 302; x_wconf 67' lang='lat' dir='ltr'>rmpmor</span> <span class='ocrx_word' id='word_1_3' title='bbox 704 250 886 303; x_wconf 74' lang='grc' dir='ltr'><strong><em>κοκιιιοτ</em></strong></span> 
     </span>
    </p>
   </div>
   <div class='ocr_carea' id='block_1_2' title="bbox 151 395 1205 1945">
    <p class='ocr_par' dir='ltr' id='par_1_2' title="bbox 188 395 1204 776">
     <span class='ocr_line' id='line_1_2' title="bbox 249 395 1204 478; baseline -0.002 -18"><span class='ocrx_word' id='word_1_4' title='bbox 249 395 282 461; x_wconf 89' lang='grc' dir='ltr'>Ὁ</span> <span class='ocrx_word' id='word_1_5' title='bbox 304 400 407 461; x_wconf 81' lang='grc' dir='ltr'><strong><em>τοίνυν</em></strong></span> <span class='ocrx_word' id='word_1_6' title='bbox 429 398 608 478; x_wconf 74' lang='grc' dir='ltr'><strong><em>πολυμαθὴς</em></strong></span> <span class='ocrx_word' id='word_1_7' title='bbox 625 396 773 478; x_wconf 81' lang='grc' dir='ltr'><strong><em>Εὐσέβιος</em></strong></span> <span class='ocrx_word' id='word_1_8' title='bbox 793 396 825 458; x_wconf 85' lang='grc' dir='ltr'><strong><em>έν</em></strong></span> <span class='ocrx_word' id='word_1_9' title='bbox 844 403 905 469; x_wconf 87' lang='grc' dir='ltr'><strong><em>τοῖς</em></strong></span> <span class='ocrx_word' id='word_1_10' title='bbox 927 402 1075 478; x_wconf 80' lang='grc' dir='ltr'><strong><em>χρονικοῖς</em></strong></span> <span class='ocrx_word' id='word_1_11' title='bbox 1092 395 1204 458; x_wconf 83' lang='grc' dir='ltr'><strong><em>κανόσι</em></strong></span> 
     </span>
     <span class='ocr_line' id='line_1_3' title="bbox 188 490 1204 578; baseline -0.003 -20"><span class='ocrx_word' id='word_1_12' title='bbox 188 495 253 578; x_wconf 80' lang='grc' dir='ltr'><strong><em>περί</em></strong></span> <span class='ocrx_word' id='word_1_13' title='bbox 281 507 339 559; x_wconf 81' lang='grc' dir='ltr'><strong><em>τῶν</em></strong></span> <span class='ocrx_word' id='word_1_14' title='bbox 359 490 515 577; x_wconf 87' lang='grc' dir='ltr'><strong><em>Ἀντιόχωυ</em></strong></span> <span class='ocrx_word' id='word_1_15' title='bbox 544 495 594 557; x_wconf 82' lang='grc' dir='ltr'><strong><em>κοιλ</em></strong></span> <span class='ocrx_word' id='word_1_16' title='bbox 619 498 774 558; x_wconf 89' lang='grc' dir='ltr'><strong><em>Σελεύκων</em></strong></span> <span class='ocrx_word' id='word_1_17' title='bbox 800 494 850 557; x_wconf 84' lang='grc' dir='ltr'><strong><em>καί</em></strong></span> <span class='ocrx_word' id='word_1_18' title='bbox 873 496 1065 574; x_wconf 88' lang='grc' dir='ltr'><strong><em>Πτολεμαίων</em></strong></span> <span class='ocrx_word' id='word_1_19' title='bbox 1092 518 1121 556; x_wconf 89' lang='grc' dir='ltr'><strong><em>τε</em></strong></span> <span class='ocrx_word' id='word_1_20' title='bbox 1149 494 1204 555; x_wconf 80' lang='grc' dir='ltr'><strong><em>καὶ</em></strong></span> 
     </span>
     <span class='ocr_line' id='line_1_4' title="bbox 188 591 1204 675; baseline -0.003 -19"><span class='ocrx_word' id='word_1_21' title='bbox 188 606 247 657; x_wconf 82' lang='grc' dir='ltr'><strong><em>τῶν</em></strong></span> <span class='ocrx_word' id='word_1_22' title='bbox 270 594 339 675; x_wconf 80' lang='grc' dir='ltr'><strong><em>μετὰ</em></strong></span> <span class='ocrx_word' id='word_1_23' title='bbox 362 595 417 674; x_wconf 79' lang='grc' dir='ltr'><strong><em>τὴν</em></strong></span> <span class='ocrx_word' id='word_1_24' title='bbox 440 593 472 655; x_wconf 79' lang='grc' dir='ltr'><strong><em>ἐκ</em></strong></span> <span class='ocrx_word' id='word_1_25' title='bbox 493 596 673 674; x_wconf 78' lang='grc' dir='ltr'><strong><em>Βαβυλῶνος</em></strong></span> <span class='ocrx_word' id='word_1_26' title='bbox 696 594 843 656; x_wconf 75' lang='grc' dir='ltr'><strong><em>ἐπάνοδον</em></strong></span> <span class='ocrx_word' id='word_1_27' title='bbox 865 592 1124 674; x_wconf 71' lang='grc' dir='ltr'><strong><em>καθηγησαμένων</em></strong></span> <span class='ocrx_word' id='word_1_28' title='bbox 1146 591 1204 674; x_wconf 72' lang='grc' dir='ltr'><strong><em>ἀρ</em></strong></span> 
     </span>
     <span class='ocr_line' id='line_1_5' title="bbox 188 683 1203 776; baseline -0.004 -21"><span class='ocrx_word' id='word_1_29' title='bbox 188 692 306 776; x_wconf 87' lang='grc' dir='ltr'><strong><em>χιερέων</em></strong></span> <span class='ocrx_word' id='word_1_30' title='bbox 334 690 450 766; x_wconf 82' lang='grc' dir='ltr'><strong><em>διεξιὼν</em></strong></span> <span class='ocrx_word' id='word_1_31' title='bbox 476 691 508 753; x_wconf 87' lang='grc' dir='ltr'><strong><em>έν</em></strong></span> <span class='ocrx_word' id='word_1_32' title='bbox 535 691 659 776; x_wconf 75' lang='grc' dir='ltr'><strong><em>ἐπιτομῇ</em></strong></span> <span class='ocrx_word' id='word_1_33' title='bbox 686 692 784 753; x_wconf 77' lang='grc' dir='ltr'><strong><em>τοιάδε</em></strong></span> <span class='ocrx_word' id='word_1_34' title='bbox 806 691 913 770; x_wconf 85' lang='grc' dir='ltr'><strong><em>φησίν·</em></strong></span> <span class='ocrx_word' id='word_1_35' title='bbox 945 688 961 751; x_wconf 93' lang='lat'><em>6</em></span> <span class='ocrx_word' id='word_1_36' title='bbox 984 683 1041 753; x_wconf 79' lang='grc' dir='ltr'><strong><em>οὖν</em></strong></span> <span class='ocrx_word' id='word_1_37' title='bbox 1065 685 1203 764; x_wconf 83' lang='grc' dir='ltr'><strong><em>Ἀλέξαν-</em></strong></span> 
     </span>
    </p>

    <p class='ocr_par' dir='ltr' id='par_1_3' title="bbox 151 786 1205 1945">
     <span class='ocr_line' id='line_1_6' title="bbox 162 786 1203 872; baseline -0.003 -19"><span class='ocrx_word' id='word_1_38' title='bbox 162 793 259 872; x_wconf 80' lang='grc' dir='ltr'><strong><em>5δρος</em></strong></span> <span class='ocrx_word' id='word_1_39' title='bbox 282 789 297 852; x_wconf 94' lang='lat'><em>6</em></span> <span class='ocrx_word' id='word_1_40' title='bbox 321 799 379 851; x_wconf 78' lang='grc' dir='ltr'><strong><em>τῶν</em></strong></span> <span class='ocrx_word' id='word_1_41' title='bbox 402 791 591 853; x_wconf 80' lang='grc' dir='ltr'><strong><em>Μακεδόνων</em></strong></span> <span class='ocrx_word' id='word_1_42' title='bbox 613 789 750 869; x_wconf 85' lang='grc' dir='ltr'><strong><em>βασιλεὺς</em></strong></span> <span class='ocrx_word' id='word_1_43' title='bbox 771 788 856 851; x_wconf 73' lang='grc' dir='ltr'><strong><em>ἕκτον</em></strong></span> <span class='ocrx_word' id='word_1_44' title='bbox 878 786 961 870; x_wconf 84' lang='grc' dir='ltr'><strong><em>άγων</em></strong></span> <span class='ocrx_word' id='word_1_45' title='bbox 983 789 1047 863; x_wconf 75' lang='grc' dir='ltr'><strong><em>ἔτος</em></strong></span> <span class='ocrx_word' id='word_1_46' title='bbox 1069 798 1123 868; x_wconf 78' lang='grc' dir='ltr'><strong><em>τῆς</em></strong></span> <span class='ocrx_word' id='word_1_47' title='bbox 1144 791 1203 869; x_wconf 90' lang='grc' dir='ltr'><strong><em>βα-</em></strong></span> 
     </span>
     <span class='ocr_line' id='line_1_7' title="bbox 188 882 1204 969; baseline -0.003 -19"><span class='ocrx_word' id='word_1_48' title='bbox 188 891 296 962; x_wconf 89' lang='grc' dir='ltr'><strong><em>σιλείας</em></strong></span> <span class='ocrx_word' id='word_1_49' title='bbox 327 892 454 968; x_wconf 86' lang='grc' dir='ltr'><strong><em>Δαρεῖον</em></strong></span> <span class='ocrx_word' id='word_1_50' title='bbox 485 886 536 948; x_wconf 88' lang='grc' dir='ltr'><strong><em>τὸν</em></strong></span> <span class='ocrx_word' id='word_1_51' title='bbox 566 882 713 968; x_wconf 85' lang='grc' dir='ltr'><strong><em>Ἀρσάμου</em></strong></span> <span class='ocrx_word' id='word_1_52' title='bbox 744 887 956 969; x_wconf 79' lang='grc' dir='ltr'><strong><em>χειρωσάμενος</em></strong></span> <span class='ocrx_word' id='word_1_53' title='bbox 991 892 1111 949; x_wconf 81' lang='grc' dir='ltr'><strong><em>καθεῖλε</em></strong></span> <span class='ocrx_word' id='word_1_54' title='bbox 1144 887 1204 967; x_wconf 75' lang='grc' dir='ltr'><strong><em>τὴν</em></strong></span> 
     </span>
     <span class='ocr_line' id='line_1_8' title="bbox 189 983 1204 1067; baseline 0 -20"><span class='ocrx_word' id='word_1_55' title='bbox 189 990 314 1067; x_wconf 85' lang='grc' dir='ltr'><strong><em>Περσῶν</em></strong></span> <span class='ocrx_word' id='word_1_56' title='bbox 336 986 511 1046; x_wconf 80' lang='grc' dir='ltr'><strong><em>δυναστείαν</em></strong></span> <span class='ocrx_word' id='word_1_57' title='bbox 539 983 735 1065; x_wconf 81' lang='grc' dir='ltr'><strong><em>διαρκέσασαν</em></strong></span> <span class='ocrx_word' id='word_1_58' title='bbox 756 983 815 1046; x_wconf 88' lang='grc' dir='ltr'><strong><em>ἀπὸ</em></strong></span> <span class='ocrx_word' id='word_1_59' title='bbox 838 985 944 1065; x_wconf 84' lang='grc' dir='ltr'><strong><em>Κύρου</em></strong></span> <span class='ocrx_word' id='word_1_60' title='bbox 966 983 1049 1066; x_wconf 83' lang='grc' dir='ltr'><strong><em>μέχρι</em></strong></span> <span class='ocrx_word' id='word_1_61' title='bbox 1069 987 1204 1066; x_wconf 75' lang='grc' dir='ltr'><strong><em>Δαρείου</em></strong></span> 
     </span>
     <span class='ocr_line' id='line_1_9' title="bbox 188 1080 1204 1163; baseline 0.001 -19"><span class='ocrx_word' id='word_1_62' title='bbox 188 1084 238 1163; x_wconf 82' lang='grc' dir='ltr'><strong><em>ἔτη</em></strong></span> <span class='ocrx_word' id='word_1_63' title='bbox 265 1080 321 1144; x_wconf 85' lang='grc' dir='ltr'><strong><em>σλ’.</em></strong></span> <span class='ocrx_word' id='word_1_64' title='bbox 366 1091 418 1162; x_wconf 82' lang='grc' dir='ltr'><strong><em>τῆς</em></strong></span> <span class='ocrx_word' id='word_1_65' title='bbox 451 1080 483 1144; x_wconf 83' lang='grc' dir='ltr'><strong><em>δέ</em></strong></span> <span class='ocrx_word' id='word_1_66' title='bbox 514 1091 573 1143; x_wconf 82' lang='grc' dir='ltr'><strong><em>τῶν</em></strong></span> <span class='ocrx_word' id='word_1_67' title='bbox 600 1081 791 1144; x_wconf 78' lang='grc' dir='ltr'><strong><em>Μακεδόνων</em></strong></span> <span class='ocrx_word' id='word_1_68' title='bbox 820 1084 968 1162; x_wconf 87' lang='grc' dir='ltr'><strong><em>βασιλείας</em></strong></span> <span class='ocrx_word' id='word_1_69' title='bbox 998 1084 1204 1163; x_wconf 81' lang='grc' dir='ltr'><strong><em>κατασχούσης</em></strong></span> 
     </span>
     <span class='ocr_line' id='line_1_10' title="bbox 189 1174 1204 1269; baseline 0.001 -27"><span class='ocrx_word' id='word_1_70' title='bbox 189 1180 248 1242; x_wconf 88' lang='grc' dir='ltr'><strong><em>ἀπὸ</em></strong></span> <span class='ocrx_word' id='word_1_71' title='bbox 270 1185 413 1269; x_wconf 80' lang='grc' dir='ltr'><strong><em>Κραναοῦ</em></strong></span> <span class='ocrx_word' id='word_1_72' title='bbox 437 1179 491 1254; x_wconf 75' lang='grc' dir='ltr'><strong><em>ἕως</em></strong></span> <span class='ocrx_word' id='word_1_73' title='bbox 511 1174 705 1260; x_wconf 82' lang='grc' dir='ltr'><strong><em>Ἀλεξάνδρου</em></strong></span> <span class='ocrx_word' id='word_1_74' title='bbox 726 1179 776 1259; x_wconf 81' lang='grc' dir='ltr'><strong><em>ἔτη</em></strong></span> <span class='ocrx_word' id='word_1_75' title='bbox 799 1177 880 1259; x_wconf 82' lang='grc' dir='ltr'><strong><em>φιη’,</em></strong></span> <span class='ocrx_word' id='word_1_76' title='bbox 902 1179 953 1241; x_wconf 79' lang='grc' dir='ltr'><strong><em>καί</em></strong></span> <span class='ocrx_word' id='word_1_77' title='bbox 975 1181 1081 1242; x_wconf 91' lang='grc' dir='ltr'><strong><em>τούτου</em></strong></span> <span class='ocrx_word' id='word_1_78' title='bbox 1103 1185 1204 1243; x_wconf 89' lang='grc' dir='ltr'><strong><em>τελευ-</em></strong></span> 
     </span>
     <span class='ocr_line' id='line_1_11' title="bbox 151 1276 1205 1359; baseline 0.001 -19"><span class='ocrx_word' id='word_1_79' title='bbox 151 1301 176 1340; x_wconf 81' lang='grc' dir='ltr'><strong><em>ιο</em></strong></span> <span class='ocrx_word' id='word_1_80' title='bbox 190 1278 333 1357; x_wconf 76' lang='grc' dir='ltr'><strong><em>τήσαντος</em></strong></span> <span class='ocrx_word' id='word_1_81' title='bbox 364 1277 396 1339; x_wconf 87' lang='grc' dir='ltr'><strong><em>έν</em></strong></span> <span class='ocrx_word' id='word_1_82' title='bbox 427 1281 599 1359; x_wconf 85' lang='grc' dir='ltr'><strong><em>Βαβυλῶνι,</em></strong></span> <span class='ocrx_word' id='word_1_83' title='bbox 634 1276 818 1359; x_wconf 76' lang='grc' dir='ltr'><strong><em>διαδέχονται</em></strong></span> <span class='ocrx_word' id='word_1_84' title='bbox 851 1276 907 1356; x_wconf 74' lang='grc' dir='ltr'><strong><em>τὴν</em></strong></span> <span class='ocrx_word' id='word_1_85' title='bbox 937 1276 1031 1358; x_wconf 73' lang='grc' dir='ltr'><strong><em>ἀρχὴν</em></strong></span> <span class='ocrx_word' id='word_1_86' title='bbox 1061 1288 1115 1358; x_wconf 80' lang='grc' dir='ltr'><strong><em>τῆς</em></strong></span> <span class='ocrx_word' id='word_1_87' title='bbox 1145 1276 1205 1357; x_wconf 72' lang='grc' dir='ltr'><strong><em>μὲν</em></strong></span> 
     </span>
     <span class='ocr_line' id='line_1_12' title="bbox 190 1368 1204 1456; baseline -0.001 -18"><span class='ocrx_word' id='word_1_88' title='bbox 190 1377 384 1450; x_wconf 88' lang='grc' dir='ltr'><strong><em>Μακεδονίας</em></strong></span> <span class='ocrx_word' id='word_1_89' title='bbox 418 1378 580 1456; x_wconf 87' lang='grc' dir='ltr'><strong><em>Φίλιππος,</em></strong></span> <span class='ocrx_word' id='word_1_90' title='bbox 611 1385 665 1455; x_wconf 78' lang='grc' dir='ltr'><strong><em>της</em></strong></span> <span class='ocrx_word' id='word_1_91' title='bbox 697 1374 729 1437; x_wconf 82' lang='grc' dir='ltr'><strong><em>δὲ</em></strong></span> <span class='ocrx_word' id='word_1_92' title='bbox 753 1368 852 1449; x_wconf 87' lang='grc' dir='ltr'><strong><em>Ἀσίας</em></strong></span> <span class='ocrx_word' id='word_1_93' title='bbox 876 1370 1057 1456; x_wconf 81' lang='grc' dir='ltr'><strong><em>Ἀντίγονος,</em></strong></span> <span class='ocrx_word' id='word_1_94' title='bbox 1089 1384 1142 1455; x_wconf 81' lang='grc' dir='ltr'><strong><em>τῆς</em></strong></span> <span class='ocrx_word' id='word_1_95' title='bbox 1170 1374 1204 1437; x_wconf 78' lang='grc' dir='ltr'><strong><em>δὲ</em></strong></span> 
     </span>
     <span class='ocr_line' id='line_1_13' title="bbox 189 1470 1204 1555; baseline -0.001 -21"><span class='ocrx_word' id='word_1_96' title='bbox 189 1474 344 1555; x_wconf 78' lang='grc' dir='ltr'><strong><em>Αἰγύπτου</em></strong></span> <span class='ocrx_word' id='word_1_97' title='bbox 367 1476 550 1553; x_wconf 84' lang='grc' dir='ltr'><strong><em>Πτολεμαῖος</em></strong></span> <span class='ocrx_word' id='word_1_98' title='bbox 577 1470 593 1532; x_wconf 92' lang='lat'><em>6</em></span> <span class='ocrx_word' id='word_1_99' title='bbox 621 1478 742 1553; x_wconf 89' lang='grc' dir='ltr'><strong><em>Λαγοῦ,</em></strong></span> <span class='ocrx_word' id='word_1_100' title='bbox 772 1482 825 1552; x_wconf 77' lang='grc' dir='ltr'><strong><em>τῆς</em></strong></span> <span class='ocrx_word' id='word_1_101' title='bbox 852 1471 884 1534; x_wconf 83' lang='grc' dir='ltr'><strong><em>δέ</em></strong></span> <span class='ocrx_word' id='word_1_102' title='bbox 911 1474 1025 1554; x_wconf 90' lang='grc' dir='ltr'><strong><em>Συρίας</em></strong></span> <span class='ocrx_word' id='word_1_103' title='bbox 1047 1472 1204 1547; x_wconf 83' lang='grc' dir='ltr'><strong><em>Σέλευκος.</em></strong></span> 
     </span>
     <span class='ocr_line' id='line_1_14' title="bbox 190 1566 1204 1653; baseline 0.002 -22"><span class='ocrx_word' id='word_1_104' title='bbox 190 1570 240 1632; x_wconf 79' lang='grc' dir='ltr'><strong><em>καί</em></strong></span> <span class='ocrx_word' id='word_1_105' title='bbox 264 1572 295 1631; x_wconf 89' lang='grc' dir='ltr'><strong><em>οί</em></strong></span> <span class='ocrx_word' id='word_1_106' title='bbox 316 1568 369 1649; x_wconf 80' lang='grc' dir='ltr'><strong><em>μέν</em></strong></span> <span class='ocrx_word' id='word_1_107' title='bbox 387 1579 439 1649; x_wconf 80' lang='grc' dir='ltr'><strong><em>τῆς</em></strong></span> <span class='ocrx_word' id='word_1_108' title='bbox 458 1571 572 1650; x_wconf 90' lang='grc' dir='ltr'><strong><em>Συρίας</em></strong></span> <span class='ocrx_word' id='word_1_109' title='bbox 590 1571 813 1649; x_wconf 88' lang='grc' dir='ltr'><strong><em>βασιλεύσαντες</em></strong></span> <span class='ocrx_word' id='word_1_110' title='bbox 832 1570 903 1650; x_wconf 77' lang='grc' dir='ltr'><strong><em>μετὰ</em></strong></span> <span class='ocrx_word' id='word_1_111' title='bbox 918 1566 1109 1653; x_wconf 83' lang='grc' dir='ltr'><strong><em>Ἀλέξανδρόν</em></strong></span> <span class='ocrx_word' id='word_1_112' title='bbox 1127 1572 1204 1633; x_wconf 78' lang='grc' dir='ltr'><strong><em>εἰσιν</em></strong></span> 
     </span>
     <span class='ocr_line' id='line_1_15' title="bbox 191 1662 1204 1751; baseline 0 -22"><span class='ocrx_word' id='word_1_113' title='bbox 191 1662 284 1730; x_wconf 78' lang='grc' dir='ltr'><strong><em>οὗτοι·</em></strong></span> <span class='ocrx_word' id='word_1_114' title='bbox 309 1666 454 1741; x_wconf 88' lang='grc' dir='ltr'><strong><em>Σέλευκος</em></strong></span> <span class='ocrx_word' id='word_1_115' title='bbox 477 1666 493 1729; x_wconf 94' lang='lat'><em>6</em></span> <span class='ocrx_word' id='word_1_116' title='bbox 516 1667 670 1749; x_wconf 86' lang='grc' dir='ltr'><strong><em>Νικάνωρ,</em></strong></span> <span class='ocrx_word' id='word_1_117' title='bbox 690 1663 837 1748; x_wconf 79' lang='grc' dir='ltr'><strong><em>Ἀντίοχος</em></strong></span> <span class='ocrx_word' id='word_1_118' title='bbox 859 1666 875 1729; x_wconf 95' lang='lat'><em>6</em></span> <span class='ocrx_word' id='word_1_119' title='bbox 896 1667 1065 1748; x_wconf 78' lang='grc' dir='ltr'><strong><em>ἐπικληθείς</em></strong></span> <span class='ocrx_word' id='word_1_120' title='bbox 1084 1669 1204 1751; x_wconf 79' lang='grc' dir='ltr'><strong><em>Σωτήρ,</em></strong></span> 
     </span>
     <span class='ocr_line' id='line_1_16' title="bbox 151 1759 1204 1848; baseline 0.001 -20"><span class='ocrx_word' id='word_1_121' title='bbox 151 1789 177 1828; x_wconf 76' lang='lat'><strong><em>15</em></strong></span> <span class='ocrx_word' id='word_1_122' title='bbox 188 1762 335 1845; x_wconf 85' lang='grc' dir='ltr'><strong><em>Ἀντίοχος</em></strong></span> <span class='ocrx_word' id='word_1_123' title='bbox 367 1762 384 1826; x_wconf 92' lang='lat'><em>6</em></span> <span class='ocrx_word' id='word_1_124' title='bbox 410 1764 532 1843; x_wconf 82' lang='grc' dir='ltr'><strong><em>Νόθος,</em></strong></span> <span class='ocrx_word' id='word_1_125' title='bbox 564 1764 710 1838; x_wconf 86' lang='grc' dir='ltr'><strong><em>Σέλευκος</em></strong></span> <span class='ocrx_word' id='word_1_126' title='bbox 738 1765 754 1827; x_wconf 92' lang='lat'><em>6</em></span> <span class='ocrx_word' id='word_1_127' title='bbox 781 1768 973 1845; x_wconf 82' lang='grc' dir='ltr'><strong><em>Καλλίνικος,</em></strong></span> <span class='ocrx_word' id='word_1_128' title='bbox 1002 1759 1204 1848; x_wconf 80' lang='grc' dir='ltr'><strong><em>Ἀλέξανδρος,</em></strong></span> 
     </span>
     <span class='ocr_line' id='line_1_17' title="bbox 188 1859 1205 1945; baseline 0.003 -22"><span class='ocrx_word' id='word_1_129' title='bbox 188 1859 344 1943; x_wconf 84' lang='grc' dir='ltr'><strong><em>Ἀντίοχος,</em></strong></span> <span class='ocrx_word' id='word_1_130' title='bbox 364 1861 510 1934; x_wconf 87' lang='grc' dir='ltr'><strong><em>Σέλευκος</em></strong></span> <span class='ocrx_word' id='word_1_131' title='bbox 528 1860 544 1923; x_wconf 92' lang='lat'><em>6</em></span> <span class='ocrx_word' id='word_1_132' title='bbox 565 1864 752 1945; x_wconf 85' lang='grc' dir='ltr'><strong><em>Φιλοπάτωρ,</em></strong></span> <span class='ocrx_word' id='word_1_133' title='bbox 770 1859 917 1944; x_wconf 82' lang='grc' dir='ltr'><strong><em>Ἀντίοχος</em></strong></span> <span class='ocrx_word' id='word_1_134' title='bbox 935 1862 951 1925; x_wconf 95' lang='lat'><em>6</em></span> <span class='ocrx_word' id='word_1_135' title='bbox 967 1860 1145 1945; x_wconf 74' lang='grc' dir='ltr'><strong><em>Ἐπιφανής,</em></strong></span> <span class='ocrx_word' id='word_1_136' title='bbox 1168 1862 1205 1939; x_wconf 76' lang='grc' dir='ltr'><strong><em>ὃς</em></strong></span> 
     </span>
    </p>
   </div>
   <div class='ocr_carea' id='block_1_3' title="bbox 91 1955 1295 2534">
    <p class='ocr_par' dir='ltr' id='par_1_4' title="bbox 91 1955 1295 2250">
     <span class='ocr_line' id='line_1_18' title="bbox 91 1955 1295 2045; baseline -0.001 -19"><span class='ocrx_word' id='word_1_137' title='bbox 91 1986 130 2026; x_wconf 77' lang='grc' dir='ltr'><strong><em>οιο</em></strong></span> <span class='ocrx_word' id='word_1_138' title='bbox 147 1957 290 2023; x_wconf 84' lang='grc' dir='ltr'><strong><em>Μ.Ὀνίαν</em></strong></span> <span class='ocrx_word' id='word_1_139' title='bbox 317 1960 368 2022; x_wconf 87' lang='grc' dir='ltr'><strong><em>τὸν</em></strong></span> <span class='ocrx_word' id='word_1_140' title='bbox 395 1958 527 2041; x_wconf 76' lang='grc' dir='ltr'><strong><em>ἀρχιερέα</em></strong></span> <span class='ocrx_word' id='word_1_141' title='bbox 553 1970 612 2021; x_wconf 81' lang='grc' dir='ltr'><strong><em>τῶν</em></strong></span> <span class='ocrx_word' id='word_1_142' title='bbox 637 1955 792 2023; x_wconf 84' lang='grc' dir='ltr'><strong><em>Ἰουδαίων</em></strong></span> <span class='ocrx_word' id='word_1_143' title='bbox 818 1963 935 2037; x_wconf 86' lang='grc' dir='ltr'><strong><em>παύσας</em></strong></span> <span class='ocrx_word' id='word_1_144' title='bbox 961 1972 1014 2042; x_wconf 79' lang='grc' dir='ltr'><strong><em>της</em></strong></span> <span class='ocrx_word' id='word_1_145' title='bbox 1040 1964 1206 2045; x_wconf 77' lang='grc' dir='ltr'><strong><em>ἱερωσύνης</em></strong></span> <span class='ocrx_word' id='word_1_146' title='bbox 1294 1985 1295 2008; x_wconf 61' lang='lat'>¹</span> 
     </span>
     <span class='ocr_line' id='line_1_19' title="bbox 192 2057 1205 2145; baseline 0.002 -24"><span class='ocrx_word' id='word_1_147' title='bbox 192 2057 319 2140; x_wconf 82' lang='grc' dir='ltr'><strong><em>ὡρμήθη</em></strong></span> <span class='ocrx_word' id='word_1_148' title='bbox 348 2068 521 2139; x_wconf 80' lang='grc' dir='ltr'><strong><em>μεταστῆσαι</em></strong></span> <span class='ocrx_word' id='word_1_149' title='bbox 546 2058 578 2120; x_wconf 89' lang='grc' dir='ltr'><strong><em>τὸ</em></strong></span> <span class='ocrx_word' id='word_1_150' title='bbox 601 2069 663 2120; x_wconf 80' lang='grc' dir='ltr'><strong><em>πᾶν</em></strong></span> <span class='ocrx_word' id='word_1_151' title='bbox 685 2059 775 2134; x_wconf 75' lang='grc' dir='ltr'><strong><em>ἔθνος</em></strong></span> <span class='ocrx_word' id='word_1_152' title='bbox 798 2069 851 2140; x_wconf 81' lang='grc' dir='ltr'><strong><em>τῆς</em></strong></span> <span class='ocrx_word' id='word_1_153' title='bbox 873 2058 1008 2145; x_wconf 76' lang='grc' dir='ltr'><strong><em>πατρῴου</em></strong></span> <span class='ocrx_word' id='word_1_154' title='bbox 1030 2062 1205 2142; x_wconf 80' lang='grc' dir='ltr'><strong><em>θρησκείας,</em></strong></span> 
     </span>
     <span class='ocr_line' id='line_1_20' title="bbox 191 2153 1295 2250; baseline 0.003 -32"><span class='ocrx_word' id='word_1_155' title='bbox 191 2156 295 2220; x_wconf 76' lang='grc' dir='ltr'><strong><em>καὶτὸ</em></strong></span> <span class='ocrx_word' id='word_1_156' title='bbox 318 2155 372 2236; x_wconf 83' lang='grc' dir='ltr'><strong><em>μὲν</em></strong></span> <span class='ocrx_word' id='word_1_157' title='bbox 394 2155 473 2237; x_wconf 85' lang='grc' dir='ltr'><strong><em>ἱερὸν</em></strong></span> <span class='ocrx_word' id='word_1_158' title='bbox 497 2156 603 2236; x_wconf 88' lang='grc' dir='ltr'><strong><em>μιάνας</em></strong></span> <span class='ocrx_word' id='word_1_159' title='bbox 619 2153 780 2236; x_wconf 86' lang='grc' dir='ltr'><strong><em>Ὀλυμπίου</em></strong></span> <span class='ocrx_word' id='word_1_160' title='bbox 803 2158 879 2220; x_wconf 87' lang='grc' dir='ltr'><strong><em>ναὸν</em></strong></span> <span class='ocrx_word' id='word_1_161' title='bbox 900 2159 1146 2240; x_wconf 81' lang='grc' dir='ltr'><strong><em>προσηγόρευσεν,</em></strong></span> <span class='ocrx_word' id='word_1_162' title='bbox 1169 2160 1205 2221; x_wconf 89' lang='grc' dir='ltr'><strong><em>τὸ</em></strong></span> <span class='ocrx_word' id='word_1_163' title='bbox 1294 2239 1295 2250; x_wconf 19' lang='grc' dir='ltr'><strong><em>ρ</em></strong></span> 
     </span>
    </p>

    <p class='ocr_par' dir='ltr' id='par_1_5' title="bbox 153 2252 1295 2534">
     <span class='ocr_line' id='line_1_21' title="bbox 153 2252 1295 2350; baseline 0.002 -33"><span class='ocrx_word' id='word_1_164' title='bbox 153 2279 179 2318; x_wconf 77' lang='grc' dir='ltr'><strong><em>ιο</em></strong></span> <span class='ocrx_word' id='word_1_165' title='bbox 193 2252 225 2317; x_wconf 78' lang='grc' dir='ltr'><strong><em>δὲ</em></strong></span> <span class='ocrx_word' id='word_1_166' title='bbox 248 2255 338 2327; x_wconf 78' lang='grc' dir='ltr'><strong><em>ἔθνος</em></strong></span> <span class='ocrx_word' id='word_1_167' title='bbox 360 2254 492 2329; x_wconf 87' lang='grc' dir='ltr'><strong><em>κολάσεις</em></strong></span> <span class='ocrx_word' id='word_1_168' title='bbox 515 2254 695 2334; x_wconf 81' lang='grc' dir='ltr'><strong><em>ἀνηκέστους</em></strong></span> <span class='ocrx_word' id='word_1_169' title='bbox 717 2254 835 2337; x_wconf 79' lang='grc' dir='ltr'><strong><em>ἐπάγων</em></strong></span> <span class='ocrx_word' id='word_1_170' title='bbox 852 2255 1011 2335; x_wconf 76' lang='grc' dir='ltr'><strong><em>ἑλληνίζειν</em></strong></span> <span class='ocrx_word' id='word_1_171' title='bbox 1030 2255 1205 2338; x_wconf 71' lang='grc' dir='ltr'><strong><em>ἠνάγκαζεν.</em></strong></span> <span class='ocrx_word' id='word_1_172' title='bbox 1294 2293 1295 2350; x_wconf 49' lang='grc' dir='ltr'><strong><em>ρ</em></strong></span> 
     </span>
     <span class='ocr_line' id='line_1_22' title="bbox 191 2346 1295 2437; baseline 0.003 -24"><span class='ocrx_word' id='word_1_173' title='bbox 191 2349 240 2430; x_wconf 78' lang='grc' dir='ltr'><strong><em>ἐφ’</em></strong></span> <span class='ocrx_word' id='word_1_174' title='bbox 261 2346 298 2413; x_wconf 83' lang='grc' dir='ltr'><strong><em>ού</em></strong></span> <span class='ocrx_word' id='word_1_175' title='bbox 320 2350 369 2412; x_wconf 83' lang='grc' dir='ltr'><strong><em>καὶ</em></strong></span> <span class='ocrx_word' id='word_1_176' title='bbox 393 2353 424 2414; x_wconf 78' lang='lat' dir='ltr'><strong><em>ot</em></strong></span> <span class='ocrx_word' id='word_1_177' title='bbox 443 2356 640 2434; x_wconf 86' lang='grc' dir='ltr'><strong><em>Μακκαβαῖοι</em></strong></span> <span class='ocrx_word' id='word_1_178' title='bbox 667 2352 885 2437; x_wconf 79' lang='grc' dir='ltr'><strong><em>ἐμαρτύρησαν,</em></strong></span> <span class='ocrx_word' id='word_1_179' title='bbox 912 2353 946 2416; x_wconf 85' lang='grc' dir='ltr'><strong><em>τὸ</em></strong></span> <span class='ocrx_word' id='word_1_180' title='bbox 973 2352 1005 2416; x_wconf 82' lang='grc' dir='ltr'><strong><em>δέ</em></strong></span> <span class='ocrx_word' id='word_1_181' title='bbox 1028 2355 1107 2436; x_wconf 84' lang='grc' dir='ltr'><strong><em>ίερδν</em></strong></span> <span class='ocrx_word' id='word_1_182' title='bbox 1129 2355 1206 2417; x_wconf 79' lang='grc' dir='ltr'><strong><em>ἔτεσι</em></strong></span> <span class='ocrx_word' id='word_1_183' title='bbox 1294 2373 1295 2416; x_wconf 61' lang='grc' dir='ltr'><strong><em>ι</em></strong></span> 
     </span>
     <span class='ocr_line' id='line_1_23' title="bbox 191 2444 1206 2534; baseline 0.004 -24"><span class='ocrx_word' id='word_1_184' title='bbox 191 2448 286 2531; x_wconf 82' lang='grc' dir='ltr'><strong><em>τρισὶν</em></strong></span> <span class='ocrx_word' id='word_1_185' title='bbox 308 2448 464 2530; x_wconf 84' lang='grc' dir='ltr'><strong><em>έρημωθέν</em></strong></span> <span class='ocrx_word' id='word_1_186' title='bbox 479 2444 593 2525; x_wconf 84' lang='grc' dir='ltr'><strong><em>Ἰούδας</em></strong></span> <span class='ocrx_word' id='word_1_187' title='bbox 616 2448 631 2513; x_wconf 91' lang='lat'><em>6</em></span> <span class='ocrx_word' id='word_1_188' title='bbox 655 2450 826 2531; x_wconf 78' lang='grc' dir='ltr'><strong><em>ἐπικληθεὶς</em></strong></span> <span class='ocrx_word' id='word_1_189' title='bbox 845 2453 1045 2533; x_wconf 83' lang='grc' dir='ltr'><strong><em>Μακκαβαῖος</em></strong></span> <span class='ocrx_word' id='word_1_190' title='bbox 1066 2455 1206 2534; x_wconf 90' lang='grc' dir='ltr'><strong><em>καθάρας</em></strong></span> 
     </span>
    </p>
   </div>
   <div class='ocr_carea' id='block_1_4' title="bbox 193 2621 1205 2818">
    <p class='ocr_par' dir='ltr' id='par_1_6' title="bbox 193 2621 1205 2818">
     <span class='ocr_line' id='line_1_24' title="bbox 263 2621 1204 2692; baseline 0.005 -20"><span class='ocrx_word' id='word_1_191' title='bbox 263 2624 350 2689; x_wconf 59' lang='grc'>4-1).</span> <span class='ocrx_word' id='word_1_192' title='bbox 370 2626 435 2688; x_wconf 80' lang='grc'><strong><em>436,</em></strong></span> <span class='ocrx_word' id='word_1_193' title='bbox 455 2626 488 2674; x_wconf 83' lang='grc'><strong><em>22</em></strong></span> <span class='ocrx_word' id='word_1_194' title='bbox 512 2623 546 2689; x_wconf 85' lang='lat' dir='ltr'><strong><em>cs.</em></strong></span> <span class='ocrx_word' id='word_1_195' title='bbox 567 2621 709 2676; x_wconf 78' lang='lat' dir='ltr'><strong>Eudooiae</strong></span> <span class='ocrx_word' id='word_1_196' title='bbox 723 2622 827 2677; x_wconf 77' lang='lat' dir='ltr'>violat,</span> <span class='ocrx_word' id='word_1_197' title='bbox 846 2640 887 2692; x_wconf 69' lang='grc' dir='ltr'><strong><em>ιχ).</em></strong></span> <span class='ocrx_word' id='word_1_198' title='bbox 906 2628 965 2677; x_wconf 76' lang='grc'>846.</span> <span class='ocrx_word' id='word_1_199' title='bbox 990 2654 1023 2662; x_wconf 89' lang='grc'>-</span> <span class='ocrx_word' id='word_1_200' title='bbox 1047 2627 1144 2677; x_wconf 83' lang='grc'>9-12</span> <span class='ocrx_word' id='word_1_201' title='bbox 1167 2626 1204 2692; x_wconf 76' lang='lat' dir='ltr'><strong><em>ef.</em></strong></span> 
     </span>
     <span class='ocr_line' id='line_1_25' title="bbox 193 2690 1205 2818; baseline 0.004 -73"><span class='ocrx_word' id='word_1_202' title='bbox 193 2690 392 2818; x_wconf 51' lang='grc' dir='ltr'><strong><em>ἓχοέςηὴρηχχηυ</em></strong></span> <span class='ocrx_word' id='word_1_203' title='bbox 406 2709 436 2761; x_wconf 79' lang='lat' dir='ltr'><strong><em>p.</em></strong></span> <span class='ocrx_word' id='word_1_204' title='bbox 452 2697 512 2760; x_wconf 82' lang='grc'><strong><em>208,</em></strong></span> <span class='ocrx_word' id='word_1_205' title='bbox 528 2698 569 2746; x_wconf 91' lang='lat'><strong><em>10.</em></strong></span> <span class='ocrx_word' id='word_1_206' title='bbox 585 2724 618 2733; x_wconf 92' lang='lat'>-</span> <span class='ocrx_word' id='word_1_207' title='bbox 639 2698 744 2762; x_wconf 80' lang='lat' dir='ltr'><strong>13-p.</strong></span> <span class='ocrx_word' id='word_1_208' title='bbox 759 2699 820 2760; x_wconf 79' lang='lat'>435,</span> <span class='ocrx_word' id='word_1_209' title='bbox 836 2699 852 2747; x_wconf 76' lang='lat'>7</span> <span class='ocrx_word' id='word_1_210' title='bbox 870 2694 905 2760; x_wconf 80' lang='lat' dir='ltr'><strong><em>cs.</em></strong></span> <span class='ocrx_word' id='word_1_211' title='bbox 921 2694 984 2747; x_wconf 68' lang='lat' dir='ltr'><strong>Eun.</strong></span> <span class='ocrx_word' id='word_1_212' title='bbox 1000 2693 1099 2748; x_wconf 77' lang='lat' dir='ltr'>Chron.</span> <span class='ocrx_word' id='word_1_213' title='bbox 1114 2694 1136 2762; x_wconf 83' lang='lat' dir='ltr'>L</span> <span class='ocrx_word' id='word_1_214' title='bbox 1151 2701 1205 2749; x_wconf 84' lang='grc'><strong><em>264</em></strong></span> 
     </span>
    </p>
   </div>
   <div class='ocr_carea' id='block_1_5' title="bbox 194 2913 1205 3483">
    <p class='ocr_par' dir='ltr' id='par_1_7' title="bbox 194 2913 1205 3483">
     <span class='ocr_line' id='line_1_26' title="bbox 265 2913 1205 2984; baseline 0.002 -16"><span class='ocrx_word' id='word_1_215' title='bbox 265 2921 280 2968; x_wconf 90' lang='grc'>2</span> <span class='ocrx_word' id='word_1_216' title='bbox 295 2933 324 2968; x_wconf 85' lang='grc' dir='ltr'><strong><em>τε</em></strong></span> <span class='ocrx_word' id='word_1_217' title='bbox 338 2930 388 2968; x_wconf 79' lang='lat' dir='ltr'><strong><em>om.</em></strong></span> <span class='ocrx_word' id='word_1_218' title='bbox 398 2913 484 2967; x_wconf 85' lang='lat' dir='ltr'><strong>BRV.</strong></span> <span class='ocrx_word' id='word_1_219' title='bbox 497 2946 530 2953; x_wconf 96' lang='lat'><em>-</em></span> <span class='ocrx_word' id='word_1_220' title='bbox 542 2920 558 2968; x_wconf 84' lang='lat'><strong>3</strong></span> <span class='ocrx_word' id='word_1_221' title='bbox 573 2914 808 2983; x_wconf 77' lang='grc' dir='ltr'><strong><em>τῆς-ἐπάνοδον</em></strong></span> <span class='ocrx_word' id='word_1_222' title='bbox 817 2915 866 2970; x_wconf 79' lang='grc' dir='ltr'><strong><em>ΟΕ</em></strong></span> <span class='ocrx_word' id='word_1_223' title='bbox 880 2913 1119 2984; x_wconf 78' lang='grc' dir='ltr'><strong><em>τῆς-ἐπανόδου</em></strong></span> <span class='ocrx_word' id='word_1_224' title='bbox 1127 2916 1159 2971; x_wconf 87' lang='lat' dir='ltr'><strong><em>V.</em></strong></span> <span class='ocrx_word' id='word_1_225' title='bbox 1168 2948 1205 2957; x_wconf 87' lang='lat'>—</span> 
     </span>
     <span class='ocr_line' id='line_1_27' title="bbox 194 2983 1204 3057; baseline 0.002 -18"><span class='ocrx_word' id='word_1_226' title='bbox 194 2991 210 3039; x_wconf 83' lang='grc'><strong>5</strong></span> <span class='ocrx_word' id='word_1_227' title='bbox 225 2985 285 3047; x_wconf 83' lang='grc' dir='ltr'><strong><em>ἔτος</em></strong></span> <span class='ocrx_word' id='word_1_228' title='bbox 299 2984 375 3055; x_wconf 85' lang='grc' dir='ltr'><strong><em>ἄγων</em></strong></span> <span class='ocrx_word' id='word_1_229' title='bbox 384 2984 439 3039; x_wconf 84' lang='lat' dir='ltr'><strong><em>FV.</em></strong></span> <span class='ocrx_word' id='word_1_230' title='bbox 452 3017 483 3025; x_wconf 91' lang='lat'><em>-</em></span> <span class='ocrx_word' id='word_1_231' title='bbox 495 2983 664 3057; x_wconf 73' lang='grc' dir='ltr'><strong><em>Ἰβασιλείαυ</em></strong></span> <span class='ocrx_word' id='word_1_232' title='bbox 673 2986 780 3041; x_wconf 74' lang='lat' dir='ltr'><strong>ALMR</strong></span> <span class='ocrx_word' id='word_1_233' title='bbox 789 2987 893 3043; x_wconf 81' lang='lat' dir='ltr'>Eudoc.</span> <span class='ocrx_word' id='word_1_234' title='bbox 907 3020 938 3028; x_wconf 95' lang='lat'>—</span> <span class='ocrx_word' id='word_1_235' title='bbox 951 2991 1091 3055; x_wconf 83' lang='grc' dir='ltr'><strong><em>10.11τής</em></strong></span> <span class='ocrx_word' id='word_1_236' title='bbox 1104 2989 1204 3056; x_wconf 87' lang='grc' dir='ltr'><strong><em>μακεδ.</em></strong></span> 
     </span>
     <span class='ocr_line' id='line_1_28' title="bbox 194 3054 1204 3128; baseline 0.002 -18"><span class='ocrx_word' id='word_1_237' title='bbox 194 3056 244 3124; x_wconf 80' lang='grc' dir='ltr'><strong><em>μὲν</em></strong></span> <span class='ocrx_word' id='word_1_238' title='bbox 262 3056 285 3109; x_wconf 93' lang='grc' dir='ltr'>Β</span> <span class='ocrx_word' id='word_1_239' title='bbox 308 3054 358 3125; x_wconf 73' lang='grc' dir='ltr'><strong><em>μὲν</em></strong></span> <span class='ocrx_word' id='word_1_240' title='bbox 376 3072 426 3111; x_wconf 84' lang='lat' dir='ltr'><strong><em>om.</em></strong></span> <span class='ocrx_word' id='word_1_241' title='bbox 441 3055 467 3109; x_wconf 89' lang='lat' dir='ltr'><strong>V</strong></span> <span class='ocrx_word' id='word_1_242' title='bbox 488 3064 538 3126; x_wconf 82' lang='grc' dir='ltr'><strong><em>τῆς</em></strong></span> <span class='ocrx_word' id='word_1_243' title='bbox 555 3054 696 3128; x_wconf 88' lang='grc' dir='ltr'><strong><em>βασιλείας</em></strong></span> <span class='ocrx_word' id='word_1_244' title='bbox 712 3065 762 3126; x_wconf 78' lang='grc' dir='ltr'><strong><em>τῆς</em></strong></span> <span class='ocrx_word' id='word_1_245' title='bbox 779 3061 874 3127; x_wconf 85' lang='grc' dir='ltr'><strong><em>μακεδ.</em></strong></span> <span class='ocrx_word' id='word_1_246' title='bbox 894 3059 927 3112; x_wconf 87' lang='lat' dir='ltr'><strong><em>R.</em></strong></span> <span class='ocrx_word' id='word_1_247' title='bbox 947 3090 979 3099; x_wconf 92' lang='lat'><strong>—</strong></span> <span class='ocrx_word' id='word_1_248' title='bbox 1000 3063 1033 3112; x_wconf 93' lang='grc'><strong><em>12</em></strong></span> <span class='ocrx_word' id='word_1_249' title='bbox 1051 3060 1138 3127; x_wconf 83' lang='grc' dir='ltr'><strong><em>λαγοῦ</em></strong></span> <span class='ocrx_word' id='word_1_250' title='bbox 1157 3059 1204 3112; x_wconf 74' lang='lat' dir='ltr'><strong><em>AL</em></strong></span> 
     </span>
     <span class='ocr_line' id='line_1_29' title="bbox 194 3126 1204 3197; baseline 0.003 -17"><span class='ocrx_word' id='word_1_251' title='bbox 194 3127 267 3180; x_wconf 87' lang='lat' dir='ltr'><strong><em>PRV</em></strong></span> <span class='ocrx_word' id='word_1_252' title='bbox 289 3127 376 3197; x_wconf 87' lang='grc' dir='ltr'><strong><em>λάγου</em></strong></span> <span class='ocrx_word' id='word_1_253' title='bbox 394 3127 417 3180; x_wconf 95' lang='grc' dir='ltr'><strong>Β</strong></span> <span class='ocrx_word' id='word_1_254' title='bbox 439 3130 547 3197; x_wconf 83' lang='grc' dir='ltr'><strong><em>λαγωοῦ</em></strong></span> <span class='ocrx_word' id='word_1_255' title='bbox 570 3128 629 3183; x_wconf 76' lang='lat' dir='ltr'>rell.</span> <span class='ocrx_word' id='word_1_256' title='bbox 655 3162 689 3169; x_wconf 92' lang='lat'>—</span> <span class='ocrx_word' id='word_1_257' title='bbox 714 3135 801 3183; x_wconf 57' lang='lat'><strong><em>1614</em></strong></span> <span class='ocrx_word' id='word_1_258' title='bbox 819 3126 898 3185; x_wconf 86' lang='grc' dir='ltr'><strong><em>ούτοί</em></strong></span> <span class='ocrx_word' id='word_1_259' title='bbox 919 3129 989 3185; x_wconf 87' lang='grc' dir='ltr'><strong><em>είσιυ</em></strong></span> <span class='ocrx_word' id='word_1_260' title='bbox 1007 3128 1145 3183; x_wconf 80' lang='grc' dir='ltr'><strong><em>ΔΕαδοο.</em></strong></span> <span class='ocrx_word' id='word_1_261' title='bbox 1169 3162 1204 3171; x_wconf 92' lang='lat'><strong><em>-—</em></strong></span> 
     </span>
     <span class='ocr_line' id='line_1_30' title="bbox 196 3194 1205 3273; baseline 0.005 -22"><span class='ocrx_word' id='word_1_262' title='bbox 196 3202 228 3251; x_wconf 81' lang='lat'><strong><em>15</em></strong></span> <span class='ocrx_word' id='word_1_263' title='bbox 247 3194 349 3260; x_wconf 85' lang='grc' dir='ltr'><strong><em>Νύθος</em></strong></span> <span class='ocrx_word' id='word_1_264' title='bbox 377 3196 448 3263; x_wconf 82' lang='grc' dir='ltr'><strong><em>Θείς</em></strong></span> <span class='ocrx_word' id='word_1_265' title='bbox 461 3198 525 3253; x_wconf 77' lang='lat' dir='ltr'>Eue.</span> <span class='ocrx_word' id='word_1_266' title='bbox 541 3231 575 3240; x_wconf 97' lang='lat'>-</span> <span class='ocrx_word' id='word_1_267' title='bbox 593 3199 763 3269; x_wconf 78' lang='grc' dir='ltr'><strong><em>ἀλέξανδρος</em></strong></span> <span class='ocrx_word' id='word_1_268' title='bbox 778 3198 860 3256; x_wconf 82' lang='grc' dir='ltr'><strong><em>ἀντία</em></strong></span> <span class='ocrx_word' id='word_1_269' title='bbox 877 3220 909 3266; x_wconf 91' lang='grc' dir='ltr'><strong><em>ος</em></strong></span> <span class='ocrx_word' id='word_1_270' title='bbox 926 3202 1005 3273; x_wconf 63' lang='lat' dir='ltr'><strong><em>siquo</em></strong></span> <span class='ocrx_word' id='word_1_271' title='bbox 1019 3200 1205 3256; x_wconf 69' lang='lat' dir='ltr'><strong><em>distinctionis</em></strong></span> 
     </span>
     <span class='ocr_line' id='line_1_31' title="bbox 194 3224 1204 3344; baseline 0.001 -21"><span class='ocrx_word' id='word_1_272' title='bbox 194 3271 292 3324; x_wconf 74' lang='lat' dir='ltr'><em>omisso</em></span> <span class='ocrx_word' id='word_1_273' title='bbox 300 3268 347 3323; x_wconf 83' lang='lat' dir='ltr'><strong><em>AL</em></strong></span> <span class='ocrx_word' id='word_1_274' title='bbox 383 3270 408 3323; x_wconf 87' lang='lat' dir='ltr'><strong>R</strong></span> <span class='ocrx_word' id='word_1_275' title='bbox 422 3268 590 3340; x_wconf 76' lang='grc' dir='ltr'><strong><em>ἀλέξανδρος</em></strong></span> <span class='ocrx_word' id='word_1_276' title='bbox 604 3270 619 3325; x_wconf 86' lang='grc' dir='ltr'>ὁ</span> <span class='ocrx_word' id='word_1_277' title='bbox 633 3268 713 3327; x_wconf 88' lang='grc' dir='ltr'><strong><em>ἀντίο</em></strong></span> <span class='ocrx_word' id='word_1_278' title='bbox 732 3272 795 3334; x_wconf 73' lang='grc' dir='ltr'><strong><em>οςῈΊ</em></strong></span> <span class='ocrx_word' id='word_1_279' title='bbox 809 3224 939 3344; x_wconf 73' lang='grc' dir='ltr'><strong><em>ἀντέσχος</em></strong></span> <span class='ocrx_word' id='word_1_280' title='bbox 952 3289 1003 3327; x_wconf 85' lang='lat' dir='ltr'><strong><em>om.</em></strong></span> <span class='ocrx_word' id='word_1_281' title='bbox 1013 3270 1036 3324; x_wconf 94' lang='lat' dir='ltr'>B</span> <span class='ocrx_word' id='word_1_282' title='bbox 1046 3273 1091 3341; x_wconf 81' lang='lat' dir='ltr'><em>(cf.</em></span> <span class='ocrx_word' id='word_1_283' title='bbox 1101 3271 1204 3328; x_wconf 78' lang='lat' dir='ltr'>Euseb.</span> 
     </span>
     <span class='ocr_line' id='line_1_32' title="bbox 194 3294 1204 3417; baseline 0.005 -25"><span class='ocrx_word' id='word_1_284' title='bbox 194 3340 215 3406; x_wconf 84' lang='grc' dir='ltr'><strong><em>Ι,</em></strong></span> <span class='ocrx_word' id='word_1_285' title='bbox 230 3346 291 3408; x_wconf 80' lang='lat'>253,</span> <span class='ocrx_word' id='word_1_286' title='bbox 307 3346 340 3393; x_wconf 85' lang='lat'><strong><em>10</em></strong></span> <span class='ocrx_word' id='word_1_287' title='bbox 349 3342 423 3411; x_wconf 59' lang='lat' dir='ltr'><strong>sqq).</strong></span> <span class='ocrx_word' id='word_1_288' title='bbox 438 3374 471 3381; x_wconf 94' lang='lat'>—</span> <span class='ocrx_word' id='word_1_289' title='bbox 492 3348 525 3396; x_wconf 89' lang='lat'><strong><em>18</em></strong></span> <span class='ocrx_word' id='word_1_290' title='bbox 538 3341 671 3417; x_wconf 75' lang='grc' dir='ltr'><strong><em>πατρῴας</em></strong></span> <span class='ocrx_word' id='word_1_291' title='bbox 685 3294 739 3396; x_wconf 65' lang='lat'><strong><em>06.</em></strong></span> <span class='ocrx_word' id='word_1_292' title='bbox 755 3374 789 3383; x_wconf 90' lang='lat'><em>-</em></span> <span class='ocrx_word' id='word_1_293' title='bbox 809 3349 850 3399; x_wconf 79' lang='lat'><strong><em>19.</em></strong></span> <span class='ocrx_word' id='word_1_294' title='bbox 862 3348 895 3397; x_wconf 88' lang='grc'><strong><em>20</em></strong></span> <span class='ocrx_word' id='word_1_295' title='bbox 909 3348 947 3416; x_wconf 73' lang='grc' dir='ltr'><strong><em>τῷ</em></strong></span> <span class='ocrx_word' id='word_1_296' title='bbox 961 3343 992 3397; x_wconf 80' lang='grc' dir='ltr'><strong><em>δέ</em></strong></span> <span class='ocrx_word' id='word_1_297' title='bbox 1007 3343 1086 3397; x_wconf 80' lang='grc' dir='ltr'><strong><em>ἔθνει</em></strong></span> <span class='ocrx_word' id='word_1_298' title='bbox 1100 3344 1159 3413; x_wconf 86' lang='grc' dir='ltr'><strong><em>(-κη</em></strong></span> <span class='ocrx_word' id='word_1_299' title='bbox 1171 3344 1204 3414; x_wconf 72' lang='lat' dir='ltr'><strong><em>F)</em></strong></span> 
     </span>
     <span class='ocr_line' id='line_1_33' title="bbox 194 3410 1204 3483; baseline 0.005 -20"><span class='ocrx_word' id='word_1_300' title='bbox 194 3410 252 3464; x_wconf 82' lang='lat' dir='ltr'><strong><em>BF.</em></strong></span> <span class='ocrx_word' id='word_1_301' title='bbox 269 3442 302 3451; x_wconf 94' lang='lat'><em>-</em></span> <span class='ocrx_word' id='word_1_302' title='bbox 322 3416 356 3464; x_wconf 87' lang='grc'><strong><em>20</em></strong></span> <span class='ocrx_word' id='word_1_303' title='bbox 371 3411 496 3477; x_wconf 86' lang='grc' dir='ltr'><strong><em>κολάσεις</em></strong></span> <span class='ocrx_word' id='word_1_304' title='bbox 510 3414 672 3483; x_wconf 81' lang='grc' dir='ltr'><strong><em>ἀνηκέστοις</em></strong></span> <span class='ocrx_word' id='word_1_305' title='bbox 684 3413 818 3468; x_wconf 73' lang='grc' dir='ltr'><strong><em>ΕΡΙΜΒ</em></strong></span> <span class='ocrx_word' id='word_1_306' title='bbox 835 3415 979 3470; x_wconf 85' lang='grc' dir='ltr'><strong><em>κολάσεσιν</em></strong></span> <span class='ocrx_word' id='word_1_307' title='bbox 993 3412 1156 3482; x_wconf 77' lang='grc' dir='ltr'><strong><em>ἀνηκέστοις</em></strong></span> <span class='ocrx_word' id='word_1_308' title='bbox 1170 3415 1204 3468; x_wconf 87' lang='lat' dir='ltr'><strong><em>V.</em></strong></span> 
     </span>
    </p>
   </div>
   <div class='ocr_carea' id='block_1_6' title="bbox 198 3553 1205 3697">
    <p class='ocr_par' dir='ltr' id='par_1_8' title="bbox 198 3553 1205 3697">
     <span class='ocr_line' id='line_1_34' title="bbox 268 3553 1205 3626; baseline 0.006 -21"><span class='ocrx_word' id='word_1_309' title='bbox 268 3558 301 3606; x_wconf 89' lang='grc'><strong><em>14</em></strong></span> <span class='ocrx_word' id='word_1_310' title='bbox 315 3553 435 3623; x_wconf 87' lang='grc' dir='ltr'><strong><em>νικάτωρ</em></strong></span> <span class='ocrx_word' id='word_1_311' title='bbox 450 3554 479 3608; x_wconf 90' lang='grc' dir='ltr'><strong><em>Ρ.</em></strong></span> <span class='ocrx_word' id='word_1_312' title='bbox 490 3587 524 3594; x_wconf 95' lang='grc'>-</span> <span class='ocrx_word' id='word_1_313' title='bbox 537 3554 552 3609; x_wconf 89' lang='lat'><em>6</em></span> <span class='ocrx_word' id='word_1_314' title='bbox 567 3562 630 3610; x_wconf 77' lang='lat' dir='ltr'><strong><em>ante</em></strong></span> <span class='ocrx_word' id='word_1_315' title='bbox 644 3556 805 3624; x_wconf 80' lang='grc' dir='ltr'><strong><em>ἐπικληθείς</em></strong></span> <span class='ocrx_word' id='word_1_316' title='bbox 817 3570 868 3610; x_wconf 83' lang='lat' dir='ltr'><strong><em>om.</em></strong></span> <span class='ocrx_word' id='word_1_317' title='bbox 878 3554 909 3608; x_wconf 79' lang='lat' dir='ltr'><strong><em>P,</em></strong></span> <span class='ocrx_word' id='word_1_318' title='bbox 922 3586 955 3595; x_wconf 90' lang='lat'>-</span> <span class='ocrx_word' id='word_1_319' title='bbox 972 3560 1004 3609; x_wconf 83' lang='grc'><strong><em>16</em></strong></span> <span class='ocrx_word' id='word_1_320' title='bbox 1019 3554 1160 3626; x_wconf 82' lang='grc' dir='ltr'><strong><em>έπιφάνης</em></strong></span> <span class='ocrx_word' id='word_1_321' title='bbox 1173 3557 1205 3611; x_wconf 94' lang='grc' dir='ltr'><strong><em>Ρ.</em></strong></span> 
     </span>
     <span class='ocr_line' id='line_1_35' title="bbox 198 3623 1019 3697; baseline 0.005 -20"><span class='ocrx_word' id='word_1_322' title='bbox 198 3654 230 3662; x_wconf 86' lang='lat'><strong><em>-—</em></strong></span> <span class='ocrx_word' id='word_1_323' title='bbox 250 3629 282 3677; x_wconf 88' lang='grc'><strong><em>21</em></strong></span> <span class='ocrx_word' id='word_1_324' title='bbox 303 3623 331 3679; x_wconf 83' lang='grc' dir='ltr'><strong><em>ολ</em></strong></span> <span class='ocrx_word' id='word_1_325' title='bbox 349 3626 501 3697; x_wconf 87' lang='grc' dir='ltr'><strong><em>μακκαβεῑς</em></strong></span> <span class='ocrx_word' id='word_1_326' title='bbox 518 3625 547 3679; x_wconf 91' lang='grc' dir='ltr'><strong><em>Ρ.</em></strong></span> <span class='ocrx_word' id='word_1_327' title='bbox 568 3658 601 3667; x_wconf 92' lang='lat'><em>-</em></span> <span class='ocrx_word' id='word_1_328' title='bbox 621 3632 663 3679; x_wconf 90' lang='grc'><strong><em>21.</em></strong></span> <span class='ocrx_word' id='word_1_329' title='bbox 675 3631 708 3679; x_wconf 88' lang='grc'><strong><em>22</em></strong></span> <span class='ocrx_word' id='word_1_330' title='bbox 728 3625 758 3680; x_wconf 89' lang='grc' dir='ltr'><strong><em>έν</em></strong></span> <span class='ocrx_word' id='word_1_331' title='bbox 775 3626 865 3694; x_wconf 79' lang='grc' dir='ltr'><strong><em>τρισίν</em></strong></span> <span class='ocrx_word' id='word_1_332' title='bbox 884 3626 971 3682; x_wconf 88' lang='grc' dir='ltr'><strong><em>έτεσιν</em></strong></span> <span class='ocrx_word' id='word_1_333' title='bbox 989 3625 1019 3681; x_wconf 93' lang='grc' dir='ltr'><strong><em>Ρ.</em></strong></span> 
     </span>
    </p>
   </div>
   <div class='ocr_carea' id='block_1_7' title="bbox 0 0 1317 3909">
    <p class='ocr_par' dir='ltr' id='par_1_9' title="bbox 0 0 1317 3909">
     <span class='ocr_line' id='line_1_36' title="bbox 0 0 1317 3909; baseline 0 0"><span class='ocrx_word' id='word_1_334' title='bbox 0 0 1317 3909; x_wconf 95' lang='lat' dir='ltr'><strong><em> </em></strong></span> 
     </span>
    </p>
   </div>
  </div>
 </body>
</html>
