2617 3909
516 219 706 270 XPONIKON
1053 215 1115 278 767

94 377 188 447 τιμῆς
215 366 345 447 ἀπειέθη
373 368 462 428 πάλιν
490 367 522 428 ἰν
545 372 585 449 τῷ
605 366 671 449 ἰδίῳ
694 363 818 444 τεμένει,
848 365 918 444 όπερ
947 364 1035 438 αὐτὸς
1064 364 1117 443 μὲν

95 463 116 526 ό
140 467 338 547 κοπρώνυμος
364 464 414 526 καὶ
437 464 604 545 κοπρόνονς
626 462 812 543 ἀρμαμέντον
840 461 889 524 καὶ
918 461 1118 543 κοπροθὲσιον

96 563 256 643 ἐποίησεν,
283 563 299 626 δ
323 562 355 625 δὲ
378 567 604 635 Κωνσταντίνος
626 562 688 640 ἀμα
711 571 746 644 τῇ
771 560 859 642 μητρί
882 560 974 622 αὐτοῦ
998 561 1117 644 Εἰρήνη
1164 643 1165 646 ¹

95 660 345 743 ἀνακαθάραντες
367 653 460 734 αὖθις
483 670 569 721 τοῦτο
591 659 790 740 καθιέρωσαν.

168 760 256 820 Μετὰ
279 757 420 821 δὲταῦτα
442 758 669 837 ἐξοπλισάμενος
684 754 798 838 Ἀαρίον
818 755 911 818 ὁτῶν
930 762 1118 839 Σαρακηνῶν
1146 776 1244 818 sessu.

98 855 228 939 ἀρχηγὸς
260 857 333 918 κατὰ
362 867 415 936 τής
441 857 554 928 πόλεως
583 847 678 935 ήλθεν
710 856 742 916 ἐν
770 856 879 940 μεγάλη
911 856 1037 935 δυνάμει
1069 855 1118 917 καὶ

98 957 308 1038 περιεκάθισεν
335 954 368 1016 ἐν
391 954 586 1037 Χρυσοπόλει.
632 953 648 1014 ὅ
673 953 705 1016 δὲ
733 953 870 1033 βασιλεὺς
897 953 1019 1032 πέμψας
1046 953 1119 1018 λαόν

98 1053 151 1114 καί
178 1054 361 1133 τήνβάνην
388 1053 552 1132 κρατήσας,
579 1052 703 1131 εἰρήνην
723 1047 837 1132 Ἀαρὼν
863 1053 984 1112 αἰτεῖται
1011 1052 1119 1132 μεταξὺ

93 1146 250 1231 Ῥωμαίων
269 1174 299 1212 τε
317 1150 367 1212 καί
386 1155 575 1231 Σαρακηνῶν
595 1149 743 1231 γενέσθαι.
781 1149 1040 1231 συναρπασθέντες
1063 1143 1119 1212 οὖν

100 1249 150 1312 ἐπὶ
174 1250 267 1335 τούτῳ
286 1250 474 1332 Στανράιιιος
498 1245 695 1329 δλογοθέτης
717 1247 767 1308 καί
787 1246 899 1329 Πέτρος
922 1247 938 1310 δ
963 1248 1119 1329 μάγιστρος
1133 1267 1160 1307 ιο

99 1347 152 1408 καί
166 1342 324 1421 Ἀντώνιος
347 1345 362 1408 δ
383 1345 554 1425 δομέστικος
577 1345 627 1407 καί
650 1344 736 1407 ιε’κνα
757 1356 816 1407 τῶν
835 1346 1047 1425 πρωτευόντων
1069 1345 1119 1408 καί

99 1446 174 1507 ἀνευ
198 1445 288 1527 λόγου
311 1444 386 1526 πρὸς
409 1443 500 1506 αὐτὸν
523 1443 691 1517 ἐξελθόντες
714 1442 921 1524 ἐκρατήθησαν
943 1439 996 1503 ὑπ’
1018 1443 1119 1506 αὐτοῦ.

100 1546 204 1627 διόπερ
222 1542 506 1625 ἀναγκασθέντεςιοί
516 1553 569 1622 τῆς
582 1542 694 1614 πόλεως
710 1539 760 1602 καί
775 1543 856 1623 δῶρα
869 1547 989 1602 πλεῖστα
1008 1541 1119 1618 δόντες,

100 1641 287 1724 ἀνεχώρησεν
310 1642 434 1723 εἰρήνην
458 1639 528 1719 μετὰ
551 1649 609 1701 τῶν
632 1649 807 1720 χριστιανῶν
830 1639 965 1717 ποιήσας.
1007 1638 1056 1700 καί
1080 1640 1118 1718 δή

101 1741 229 1819 βαθείας
247 1740 367 1820 εἰρήνης
385 1737 561 1820 γενομένης,
580 1737 705 1818 ἐξῆλθεν
724 1735 740 1797 δ
754 1737 892 1818 βασιλεὺς
908 1736 965 1798 σὺν
980 1746 1014 1822 τή
1031 1737 1118 1820 μητρὶ
1134 1758 1158 1798 τε

100 1838 176 1919 πρὸς
199 1838 234 1899 τὰ
255 1837 331 1920 ,μέρη
354 1848 407 1917 τής
432 1834 553 1920 Θρηίκης
575 1831 636 1916 μετ’
658 1834 793 1918 ὀργάνων
822 1833 871 1896 καί
895 1844 1046 1913 μουσικῶν
1069 1835 1119 1896 καὶ

99 1941 174 1998 λαοῦ
203 1938 352 1998 πλείστου·
383 1938 414 2002 οἳ
439 1935 489 1997 καί
515 1935 571 2013 τήν
597 1935 720 2014 Βερώην
750 1933 800 1995 καί
825 1927 941 2012 Ἀχελὸν
969 1935 1119 2006 κτίσαντες

99 2033 299 2116 ὑπέστρεψαν·
312 2032 382 2113 μετὰ
405 2039 515 2112 πολλῆς
538 2043 629 2115 χαράς
651 2031 702 2092 καλ
725 2030 924 2111 εὐφροσύνης.

163 2128 197 2194 Ὁ
216 2132 248 2195 δέ
266 2155 298 2214 γε
321 2133 502 2212 πατριάρχης
521 2135 643 2202 Παῦλος
664 2128 680 2191 δ
699 2130 835 2208 Κόπριος
856 2127 1046 2210 ἀρρωστήσας
1069 2128 1116 2190 καὶ

100 2231 156 2309 τήν
183 2230 306 2292 ἐνθένδε
335 2230 535 2311 μεταχάρησιν
568 2227 661 2288 αὐτοῦ
688 2226 838 2307 προγνοὺς
866 2225 898 2286 ἐκ
926 2227 1012 2299 θείας
1044 2224 1118 2287 ἀπο-
1133 2249 1159 2286 ιο

100 2329 258 2405 καλύψεως
285 2326 335 2388 καί
357 2326 409 2388 τὸν
432 2326 548 2408 θρόνον
570 2323 740 2386 καταλιπὼν
767 2323 817 2384 καί
844 2324 918 2404 πρὸς
943 2324 998 2403 τήν
1022 2325 1118 2404 μονήν
1133 2338 1173 2377 664
1187 2336 1217 2374 Μ·

100 2435 160 2486 τῶν
186 2426 311 2505 Φλώρου
334 2421 476 2484 ἀπελθὼν
499 2421 548 2483 καί
572 2423 718 2501 μονάσας,
746 2420 899 2502 ἀπέρχεται
925 2422 999 2502 πρὸς
1027 2421 1119 2483 αὐτὸν

102 2523 118 2586 δ
137 2522 274 2603 βασιλεὺς
298 2521 355 2582 σὺν
372 2530 408 2606 τή
429 2519 516 2600 μητρὶ
535 2521 627 2581 αὐτοῦ
650 2525 761 2599 μαθεῖν
779 2521 955 2600 βουλόμενοι
973 2530 1026 2599 τῆς
1044 2519 1119 2581 ὑπο-

101 2621 255 2701 χωρήσεως
282 2619 337 2697 τήν
365 2620 471 2680 αἰτίαν.
517 2618 533 2680 δ
562 2616 594 2679 δέ
626 2617 697 2696 μετὰ
729 2623 845 2678 πολλῶν
878 2619 1016 2696 δακρύων
1045 2618 1117 2697 ἔφη·

173 2771 261 2818 5-14
275 2765 310 2831 cf.
326 2763 451 2833 Theoph.
462 2782 492 2833 p.
508 2770 569 2830 456,
583 2769 607 2816 ε.
623 2795 659 2803 -
674 2766 778 2816 14-18
793 2753 828 2830 οἵ.
843 2761 967 2830 Theoph.
979 2780 1009 2831 ρ.
1021 2767 1081 2828 εστ,
1094 2768 1117 2816 ο.

102 2869 137 2877 -
157 2842 262 2905 19-p.
279 2841 339 2903 168,
356 2841 389 2890 15
407 2836 441 2903 cf.
460 2834 585 2904 Theoph.
597 2852 626 2903 p.
642 2839 704 2902 461,
721 2839 761 2887 13.

175 2967 191 3016 2
211 2958 389 3029 ἀρμαμέντον
404 2958 454 3014 GV
473 2959 649 3029 ἀρμάμεντον
670 2958 742 3029 (ἀρμ.
759 2958 885 3028 quidam)
901 2957 956 3010 DR
980 2958 1119 3027 ἀρμαμεν-

102 3034 151 3121 τδμ
169 3038 231 3086 νι.1
246 3049 280 3121 σιμ
293 3032 433 3100 ἀρμενιδν
447 3034 471 3083 A
493 3031 658 3122 ἀρμαμήντω
673 3029 701 3084 O.
717 3062 751 3069 —
771 3035 786 3082 6
808 3029 837 3118 ἐν
852 3046 901 3082 om.
918 3029 950 3082 A.
971 3061 1004 3068 -
1024 3030 1118 3118 §v'd'v-

103 3106 307 3245 Essssf²dss⁶1⁷02²g³3
323 3101 765 3229 ἰνὶοῑτῗιῖλίωβλνέλιῗιῖἰί
779 3098 913 3226 όόίιλά
932 3100 1119 3226 ἰίίόίῗίλά

104 3247 148 3300 ἐπὶ
173 3248 283 3307 τούτοις
305 3245 371 3298 Exc.
400 3278 433 3285 -
464 3251 497 3298 14
521 3246 702 3315 ἀνεχώρησαν
730 3241 814 3296 CGV.
845 3275 877 3282 —
906 3242 1073 3309 ποιήσαντες
1099 3243 1118 3297 C

103 3319 287 3388 ποιησάμενοι
300 3316 333 3370 V.
349 3349 383 3357 -
404 3324 436 3371 15
456 3315 606 3386 γενομένης
617 3314 693 3367 ABV
712 3312 865 3383 χεναμένης
883 3313 943 3367 rell.
963 3347 998 3355 —
1018 3320 1051 3367 16
1071 3317 1118 3368 καὶ

105 3397 165 3444 ante
183 3397 324 3458 μουσικῶν
343 3406 394 3444 om.
412 3387 468 3441 BC.
484 3421 518 3428 —
539 3392 625 3442 17.18
644 3386 672 3440 οἳ
691 3385 739 3440 καί
757 3383 791 3439 τά
810 3387 913 3453 πολλῆς
931 3387 1019 3456 χ,καί
1038 3386 1118 3454 εόφρ.

106 3463 163 3529 (om.
177 3463 245 3530 rell.)
261 3459 289 3514 C.
309 3492 343 3500 -
365 3465 397 3513 1⁵1
417 3458 518 3529 βερόην
533 3459 581 3511 ΑΕ
600 3455 714 3529 βεροίην
728 3456 761 3512 V.
777 3489 809 3496 -
829 3456 928 3527 ἀχελδν
943 3456 995 3509 AN
1013 3457 1032 3509 ά
1051 3457 1119 3511 ελὼν

104 3531 183 3585 BRV
200 3533 307 3603 άχελῶν
322 3531 352 3584 Ε.
368 3564 401 3571 -
423 3536 455 3584 19
474 3534 581 3591 παῠλος
598 3530 647 3583 καί
665 3529 783 3595 κάπριος
801 3529 826 3580 Α
849 3546 876 3582 π.
893 3525 908 3580 δ
927 3529 975 3581 καλ
994 3477 1056 3581 κίἰ

105 3610 137 3657 22
157 3603 270 3672 φλάρου
289 3603 338 3656 BV
362 3601 468 3671 φλόρου
487 3601 547 3656 rell.

158 3701 475 3751 Georgiusnonaohus
490 3702 525 3741 εδ.
541 3702 569 3740 de
583 3702 651 3740 Boor.
672 3701 703 3741 Π.
924 3693 958 3741 49
