2617 3909
206 220 271 284 462
514 221 700 273 Γυεεευιον
718 221 901 273 Μούκιον

206 372 261 433 σὺν
284 372 362 457 αύτῷ
382 368 541 453 χριστιανολ
565 368 635 448 μετὰ
656 374 774 431 πολλῶν
793 368 931 449 δακρύων
950 373 1128 445 καταλείψαι
1150 376 1220 429 τοῦ·

205 493 257 532 τον
279 469 469 551 ὑφορώμενοι
492 466 533 547 μὴ
556 466 606 528 καὶ
628 464 712 528 αὐτοὶ
736 467 1005 548 συνδιαφθαρῶσιν
1023 466 1055 528 ἐκ
1073 476 1127 545 τῆς
1145 464 1219 526 ἀνυ-

206 568 289 649 δρίας
312 576 364 628 τοῦ
387 566 479 628 τόπου
503 564 552 626 καὶ
575 564 705 645 ἐρημίας.
751 562 805 638 οὓς
828 563 901 626 ι’δὼν
919 563 1038 626 ἀπιέναι
1061 562 1219 643 μίλλοντας

206 661 387 737 δἸουδαῖος
409 662 516 744 ἤρξατο
541 662 611 742 μετὰ
633 667 791 741 κλαυθμοῦ
813 662 888 744 πρὸς
906 663 1015 735 αύτούς
1038 660 1144 743 λέγειν·
1170 659 1220 743 δρ-

179 764 274 835 σκίζω
306 762 383 843 ὑμᾶς
415 762 466 824 τὸν
498 761 663 839 ποιήσαντα
690 759 742 821 τὸν
768 760 898 843 ούρανὸν
924 760 974 822 καλ
1001 761 1056 840 τὴν
1083 770 1142 842 γῆν
1170 759 1220 820 καί
1279 763 1280 776 ’

205 860 385 922 κατελθόντα
408 858 456 921 ἐπὶ
479 860 608 943 σωτηρίᾳ
625 869 684 919 τῶν
702 857 875 942 ἀνθρώπων
892 858 942 920 καὶ
961 857 1101 938 μίλλοντα
1119 864 1220 939 κρῖναι

205 961 315 1032 ζῶντας
335 956 385 1018 καὶ
403 957 537 1038 νεκρούς,
561 957 600 1037 μὴ
620 955 724 1036 ἐάσητέ
742 980 776 1035 με
795 955 962 1019 ἀποθανεῖν
974 953 1127 1038 Ἑβραῖον,
1147 955 1219 1018 ἀλλὰ

109 1078 147 1119 εσε
161 1078 191 1117 α.
205 1054 363 1136 βαπτίσατέ
390 1078 424 1133 με
454 1054 503 1116 καί
531 1056 625 1129 οὕτως
651 1053 807 1116 ἀπέλθατε.
852 1057 885 1117 οἱ
905 1054 938 1117 δέ
960 1071 1065 1134 φησιν·
1095 1054 1152 1116 ούκ
1175 1055 1219 1128 ἔξ-

88 1188 91 1197 ·
205 1171 282 1215 εστιν
314 1150 388 1233 ἡμῖν
419 1162 505 1215 τοῦτο
537 1162 661 1233 ποιῆσαι
687 1159 839 1234 κοσμικοῐς
866 1146 933 1215 ούσι
961 1153 1010 1214 καί
1037 1155 1220 1235 χειροτονίαν

166 1276 192 1315 ιο
206 1251 247 1332 μὴ
274 1252 406 1333 ἔχοντας,-
435 1245 497 1312 ἀλλ’
524 1249 593 1313 ούδὲ
620 1252 710 1312 πόλιν
737 1251 818 1333 ύδωρ
846 1250 923 1313 ἐστὶν
946 1251 1092 1332 ἐνταῦθα,
1115 1250 1220 1325 καθὼς
1282 1299 1283 1302 ¹

205 1349 255 1411 καὶ
278 1349 367 1423 αύτδς
389 1350 548 1412 ἐπίστασαι.
595 1348 610 1411 δ
635 1347 667 1410 δὲ
691 1354 801 1430 μᾶλλον
823 1347 941 1429 ἐπίμενε
962 1355 1022 1422 τοῖς
1045 1348 1147 1423 αύτοῖς
1171 1349 1219 1430 όρ-
1283 1375 1284 1462 χ

205 1472 270 1521 κοις
296 1447 502 1528 ἐκβιαζόμενος
529 1446 638 1521 αύτούς
666 1446 716 1508 καὶ
742 1448 936 1530 κατακρίνων.
982 1446 1013 1508 ἐν
1041 1452 1135 1531 πολλῇ
1164 1439 1219 1509 οὖν

206 1544 314 1629 ἀπορία
341 1544 508 1626 γενόμενοι,
535 1540 615 1606 εἶπεν
642 1539 685 1617 εἷς
712 1546 742 1619 ἐξ
769 1545 868 1607 αὐτῶν
895 1544 969 1627 πρὸς
991 1545 1061 1618 τούς
1083 1546 1217 1618 λοιπούς·
1284 1567 1285 1632 χ

206 1642 331 1725 ἐχείρατε
354 1642 445 1705 αὐτὸν
468 1642 517 1703 καὶ
541 1641 688 1704 ἐνδύσατε,
733 1642 783 1704 καὶ
806 1644 877 1723 μετὰ
900 1649 1010 1706 πολλοῦ
1032 1642 1129 1705 κόπου
1152 1653 1219 1705 τοῦ·
1284 1641 1285 1646 ¹

167 1763 192 1803 15
206 1762 257 1800 τον
280 1737 467 1820 ὀρθώσαντες
489 1738 539 1801 καὶ
562 1739 773 1822 ἀποδύσαντες,
796 1741 907 1815 ἐκεῖνος
925 1742 976 1815 τάς
993 1748 1090 1824 χεῖρας
1112 1742 1219 1804 ἑαυτοῦ
1285 1761 1286 1828 χ

205 1836 332 1917 ψάμμου
365 1837 479 1916 πλήσας
511 1836 642 1918 κατέχεεν
675 1838 722 1901 ἐπὶ
754 1849 807 1920 τῆς
835 1846 967 1920 κεφαλῆς
994 1850 1047 1901 τοῦ
1070 1836 1219 1902 Ἰουδαίου
1285 1851 1286 1862 ’

205 1932 297 2017 λέγων
330 1934 361 1997 ἐκ
393 1936 504 2017 τρίτου·
537 1936 704 2015 βαπτίζεται
735 1934 888 2020 Θεόδωρος
914 1937 957 2010 εἰς
983 1937 1015 1999 τὸ
1044 1935 1139 2017 ’όνομα
1166 1946 1219 1999 τοῦ
1286 1953 1287 1958 ’

204 2035 314 2115 πατρὸς
342 2034 391 2095 καὶ
418 2044 471 2096 τοῦ
499 2036 568 2096 υἱοῦ
591 2033 641 2095 καλ
663 2043 717 2096 τού
739 2032 827 2117 ἀχίου
849 2035 1030 2114 πνεύματος,
1060 2033 1219 2117 ἀποκρινο-

205 2131 303 2212 μένων
327 2142 385 2194 τῶν
407 2131 503 2195 ἀλλων
526 2126 598 2193 καθ’
620 2130 742 2194 ἕκαστον
765 2130 861 2211 όνομα
879 2132 911 2194 τό
929 2131 1020 2211 ἀμήν.
1055 2131 1106 2193 καί
1123 2156 1219 2213 παρα-

166 2252 192 2291 εο
205 2240 302 2312 χρῆμα
329 2240 470 2293 τοσοῦτον
497 2230 664 2312 ἐνίσχυσεν,
691 2230 764 2292 ὥστε
792 2230 848 2291 σύν
875 2236 968 2315 πολλῇ
991 2232 1148 2316 προθυμίᾳ
1170 2230 1220 2292 καὶ

206 2328 348 2413 εύρωστίρι
370 2330 500 2408 βαδίζειν
524 2324 584 2409 μετ’
606 2328 713 2391 αὐτῶν.
750 2328 902 2391 ἐλθόντων
921 2326 952 2391 δὲ
975 2328 1074 2391 αὐτῶν
1092 2327 1125 2390 ἐν
1141 2322 1219 2390 Ἀλε-

206 2426 344 2508 ξανδρείμ
371 2425 420 2487 καλ
443 2436 534 2487 ταῦτα
557 2426 784 2509 διηχησαμίνων
806 2434 847 2509 τῷ
870 2425 1085 2511 ἀρχιεπισκόπρ)
1109 2430 1219 2488 Διονυ-

207 2523 274 2607 σίρ),
302 2522 352 2584 καὶ
374 2534 479 2586 τοῦτον
502 2524 758 2606 ἐισθαμβήσαντες,
790 2523 885 2599 εύθύς
911 2525 1007 2585 πάντα
1035 2524 1087 2587 τόν
1108 2530 1219 2606 κλῆρον

206 2623 394 2705 συναθροίζει
416 2620 466 2683 καί
488 2621 660 2685 ἀνατίθεται
683 2625 783 2696 αὐτοῖς
801 2621 833 2685 τὸ
852 2633 982 2704 πρᾶγμα,
1005 2622 1059 2683 εἴτε
1078 2620 1135 2704 ἀρα
1152 2622 1216 2684 ε’λο-

166 2739 192 2780 εε
205 2718 297 2800 μίσθιχ
325 2722 364 2803 τῷ
389 2715 523 2808 Ἰουδαίῳ
550 2721 592 2794 είς
617 2722 767 2801 βάπτισμα
794 2718 813 2800 ἡ
840 2730 894 2800 τῆς
919 2721 1047 2799 ψάμμου
1074 2720 1215 2800 ἐπίχυσις,

279 2925 293 2973 1
312 2916 371 2989 μετ’
390 2920 476 2973 αὐτοῦ
495 2918 551 2972 AB.
571 2952 605 2960 -
627 2926 642 2973 2
662 2917 800 2989 ἀνυδρίας
816 2919 865 2975 καλ
884 2917 1000 2989 ἐρημίας
1016 2917 1068 2973 τού
1084 2916 1174 2972 τόπου
1193 2919 1215 2971 F

206 2990 281 3060 ἐρημ.
298 3000 348 3045 τοῦ
366 2990 455 3046 τόπου
474 2991 523 3044 καί
541 2989 678 3060 ἀνυδρίας
696 2992 725 3045 L.
746 3023 780 3032 -
799 2996 816 3045 8
835 2988 977 3045 ἀπέλθατε
995 3008 1029 3045 οε.
1046 2995 1061 3043 1
1080 3006 1114 3043 ατ
1132 2988 1216 3044 ἀπίλ-

205 3066 272 3117 θετε
289 3062 312 3116 Ρ
335 3062 471 3117 ἀπέλθετε
489 3062 523 3117 V.
547 3094 581 3103 -
605 3080 693 3133 φασιν
711 3062 815 3117 PLRV.
839 3094 873 3103 -
898 3067 932 3116 10
951 3062 1065 3133 ἔχοντας
1082 3059 1215 3114 AOEPR

207 3132 299 3203 ἔχουσι
322 3133 382 3189 roll.
404 3166 442 3176 -
466 3139 499 3189 15
517 3134 568 3198 τὰς
585 3134 687 3191 ἑαυτοῦ
710 3134 844 3205 χεῖραςΡ
866 3133 917 3197 κάς
938 3142 1034 3204 χεῖρας
1053 3132 1140 3187 αύτού
1159 3132 1213 3185 BN

207 3206 249 3273 (ἐκ
267 3206 289 3259 L
314 3205 416 3261 ἑαυτοῦ
438 3224 472 3261 επ
495 3207 583 3261 αὐτοῦ
601 3223 636 3261 m.
652 3212 668 3260 1
686 3210 774 3275 com).
799 3237 834 3244 -
858 3210 892 3258 20
919 3204 980 3260 ἐτίσ
996 3222 1063 3259 οοεκ
1087 3203 1162 3258 PRV
1184 3206 1226 3273 (cf

207 3276 363 3347 Moschum)
382 3277 495 3348 ἴσχυσεν
512 3276 572 3332 rell.
594 3309 626 3317 —
646 3284 681 3331 23
699 3277 942 3348 ἐκθαμβησάντων
960 3225 1015 3330 ἀλλ’

278 3461 294 3509 8
318 3475 350 3526 με
374 3474 424 3512 om.
447 3456 476 3510 P.
506 3486 540 3496 -
566 3460 598 3508 16
628 3456 675 3511 ἐπί
702 3454 754 3525 τὴν
781 3457 870 3524 κεφαλ
890 3475 907 3509 ν
929 3454 959 3508 Ρ.
988 3486 1022 3495 -
1049 3459 1085 3507 20
1108 3458 1217 3524 προθυ-

207 3523 310 3669 μείριΡτε
333 3530 381 3582 καλ
400 3528 428 3581 P.
454 3560 487 3569 -
512 3533 545 3581 21
565 3524 744 3597 συμβαδίζειν
768 3526 864 3590 αὐτοῖς
906 3568 911 3577 .
936 3558 970 3566 -
993 3531 1028 3579 24
1051 3524 1167 3597 είάρα(
1211 3571 1216 3580 .
