2617 3909
540 237 729 289 XPONIKON
1079 235 1145 300 553

128 384 278 462 μαθηταί,
306 382 380 444 κατά
403 383 458 463 τήν
480 385 634 465 Αίχυπτον
662 381 712 444 καί
735 384 858 463 μάλιστα
885 383 918 445 έν
940 389 1002 456 τοῖς
1024 383 1145 464 ἐρήμοις

129 481 232 555 τόποις
254 490 307 560 τῆς
325 483 450 562 Νιτρίας
470 481 605 563 ὑπῆρχον
628 479 743 562 ἀνδρες,
767 482 890 554 οἵτινες
910 481 965 560 τήν
983 483 1143 542 κοινωνίαν

127 578 205 658 ἔχειν
228 588 281 657 τῆς
304 581 380 659 ζωῆς
408 578 458 640 καί
485 589 544 640 τῶν
566 580 701 661 πράξεων
729 578 765 641 ού
794 579 864 659 μετά
886 589 945 640 τῶν
967 577 1063 640 ἀλλων
1090 577 1144 640 ἀν-

129 677 277 758 θρώπων,
306 675 378 737 ἀλλὰ
406 676 557 756 μετὰτῶν
580 677 766 760 ἐπουρανίων
794 676 924 759 ἀγγέλων
949 677 1143 739 ἕπτστεύοντο.

129 775 203 855 άπερ
227 773 330 855 παρὼν
353 773 467 856 έώρακα
489 773 549 854 ήδη
572 775 628 856 έχδο
651 775 702 837 καί
724 777 837 838 τούτων
859 775 910 848 τάς
930 776 1049 857 πράξεις
1071 774 1143 836 ἀνα·
1170 798 1184 838 ⁵

129 870 226 953 φέρω,
255 864 298 933 ὧν
322 879 383 946 τοῖς
405 874 516 934 πάθεσι
543 874 687 947 κοινωνὸς
714 867 791 935 εἰναι
815 874 1015 954 κατηξιώθην.
1061 867 1144 935 οὗτοι

128 968 160 1030 έν
187 976 249 1044 τοῖς
277 970 364 1044 ἰδίοις
391 971 531 1050 οἰκήμασι
558 973 687 1051 κείμενοι
718 971 767 1033 καί
794 971 947 1053 εὐχόμενοι
979 970 1143 1052 ἐξεδέχοντο

128 1066 198 1140 τοὺς
222 1067 334 1130 ἑαυτῶν
357 1069 512 1146 φονευτάς.
558 1067 716 1150 ἀπηνέχθη
743 1068 776 1130 δέ
798 1070 900 1142 αύτοῖς
921 1068 1084 1150 ἀνθρωπος
1111 1069 1144 1130 έκ

126 1169 240 1226 πολλοῦ
263 1165 297 1226 τὰ
318 1165 388 1245 μέλη
408 1166 504 1227 πάντα
524 1175 577 1228 τοῦ
595 1168 730 1245 σώματος
752 1166 802 1228 καί
821 1168 944 1247 μάλιστα
961 1167 1031 1240 τοῦς
1048 1167 1143 1239 πόδας

128 1263 226 1344 ξηρός.
272 1263 357 1350 έλαίφ
382 1261 413 1326 δέ
436 1265 585 1345 χρίσαντες
608 1264 700 1326 αύτδν
722 1259 818 1326 εἶπον·
846 1264 879 1326 έν
903 1262 1025 1343 ὀνόματι
1044 1260 1143 1343 Ἰησοῦ
1157 1290 1183 1328 ιο

126 1365 269 1441 Χριστοῦ,
292 1358 328 1423 δν
347 1362 446 1423 διώκει
463 1362 607 1438 Λούκιος,
630 1360 742 1423 ἀνάστα
764 1362 814 1423 καί
832 1363 982 1444 περιπάτει
999 1368 1061 1435 τοῖς
1079 1368 1142 1436 σοῖς
1155 1379 1195 1419 ωε
1209 1380 1233 1418 ετ

125 1460 227 1520 ποσίν·
257 1456 290 1532 δς
312 1469 488 1540 παραχρῆμα
515 1458 643 1533 ἀναστάς
670 1459 721 1521 καί
747 1459 944 1540 ἀναπηδήσας
965 1459 1142 1541 εὐχαριστῶν

127 1563 167 1640 τῷ
184 1563 246 1640 θεῷ
265 1555 401 1636 ἀπῆλθεν
419 1557 461 1631 εἰς
479 1558 532 1620 τὸν
550 1553 634 1620 οἰκον
656 1559 758 1620 αὐτοῦ.
794 1558 851 1639 πρὸ
870 1556 971 1639 ὀλίγον
985 1557 1018 1619 δὲ
1032 1558 1141 1640 χρόνου

126 1653 239 1733 τυφλὸς
257 1653 381 1733 ἠξίωσεν
400 1654 601 1737 ἀπενεχθῆναι
619 1657 661 1731 εἰς
679 1655 711 1718 τὸ
733 1658 859 1719 οἰκίδιον
878 1658 1052 1736 Μακαρίου,
1071 1657 1141 1738 ὅπερ

126 1745 167 1831 ήν
194 1752 226 1814 έν
253 1762 289 1837 τῆ
314 1753 413 1838 ἐρήμῳ
445 1752 503 1815 ἀπὸ
531 1754 728 1834 διαστήματος
755 1752 873 1837 ἡμερῶν
900 1764 998 1837 τριῶν.
1043 1753 1142 1816 έλθὼν
1156 1779 1181 1819 15

128 1848 161 1912 δὲ
184 1850 275 1912 ἐκεῖσε
298 1851 313 1914 ὁ
337 1853 448 1931 τυφλὸς
471 1858 567 1937 πολλῷ
587 1852 707 1937 καμάτῳ
730 1863 790 1914 τῶν
812 1853 945 1936 ἀχόντων
972 1852 1064 1914 αὐτὸν
1091 1850 1141 1913 καί

126 1950 290 2030 Μακάρων
314 1949 368 2030 ούχ
390 1949 485 2031 εὑρὼν
508 1950 540 2011 έν
563 1960 598 2035 τῆ
618 1951 697 2035 οἰκίᾳ
717 1952 798 2013 πάνυ
816 1950 977 2030 ἀθυμήσας
1000 1951 1140 2012 ἐλυπεῖτο.

126 2056 162 2130 τῆ
187 2045 219 2108 δὲ
241 2046 390 2132 ύπερβολῆ
413 2057 466 2128 τῆς
489 2050 611 2122 πίστεως
638 2048 854 2130 ἕκθερμανθείς
878 2052 1053 2130 παρακαλῶ,
1081 2047 1139 2125 ἔφη

125 2151 189 2217 τοῖς
211 2142 335 2226 ἀχουσιν
363 2144 468 2225 αὐτόν,
498 2144 716 2228 προσπελάσατέ
739 2169 774 2226 με
796 2146 897 2229 ἐκείνῳ
924 2152 963 2230 τῷ
983 2143 1062 2225 μέρει
1087 2153 1140 2205 τοῦ

124 2244 235 2323 τοίχου,
257 2244 290 2305 έν
309 2232 332 2326 ᾧ
348 2243 363 2305 δ
382 2242 476 2326 γέρων
494 2244 595 2305 εἰώθει
615 2244 784 2305 καθεύδειν.
821 2244 868 2306 ὅτε
887 2241 918 2304 δέ
936 2240 1139 2325 προσηνέχθη,
1154 2268 1181 2307 το

124 2341 232 2422 μικρὸν
260 2341 291 2403 ἐκ
314 2351 367 2402 τοῦ
395 2344 488 2424 ξηροῦ
516 2347 612 2420 πηλοῦ
640 2342 754 2421 λαβών,
783 2342 857 2403 ὅθεν
885 2339 900 2402 ό
923 2346 1020 2421 τοῖχος
1046 2364 1140 2422 κεχρι-

123 2437 233 2518 σμένος
255 2439 403 2520 ἐφαίνετο,
425 2445 489 2513 ταῖς
512 2440 633 2511 οἰκείαις
656 2438 817 2501 έπιτέθεικε
839 2438 918 2520 χερσί
940 2438 990 2500 καί
1012 2440 1139 2520 παρεκά-

124 2544 221 2616 λεσεν,
255 2537 326 2599 ὥστε
353 2537 403 2599 καί
430 2539 512 2618 ύδωρ
539 2536 727 2616 ἀντληθῆναι
756 2537 837 2622 αύτῷ
864 2538 897 2600 έκ
923 2547 976 2600 τοῦ
1004 2536 1139 2618 φρέατος,

123 2631 181 2712 ἀφ’
202 2629 293 2716 οὗπερ
320 2636 421 2698 ἔπινεν
448 2634 464 2698 ό
491 2637 666 2719 πρεσβύτης.
711 2636 814 2722 ἐκείνῳ
846 2635 878 2698 δὲ
907 2643 946 2720 τῷ
970 2638 1057 2698 ὕδατι
1088 2638 1140 2700 τὸν

123 2733 222 2812 πηλὸν
244 2732 382 2795 ἀναλύων
409 2733 459 2794 καί
486 2734 579 2820 τούτῳ
607 2736 764 2816 περιχρίων
791 2734 861 2809 τοὺς
883 2733 1062 2813 ὀφθαλμούς
1089 2733 1138 2795 καί
1153 2758 1179 2798 τε

122 2830 307 2894 ἀποπλύνων
330 2832 362 2894 ἐκ
385 2841 437 2893 τοῦ
460 2831 659 2912 ἀντληθέντος
681 2833 790 2907 ύδατος
816 2832 959 2912 ἐξαίφνης
986 2833 1041 2912 τήν
1063 2831 1138 2892 θέαν

122 2927 271 3009 ἀπέλαβεν
293 2931 387 3002 ούτως
411 2930 482 2992 ὥστε
501 2930 629 3010 μηδενὸς
651 2928 766 3017 χρήζων
788 2929 936 3012 ὑπηρέτου
959 2930 1001 3002 είς
1023 2927 1058 2989 τά
1077 2929 1139 2990 ’ίδια

197 3124 212 3169 2
232 3116 340 3185 νιτρίας
361 3118 384 3172 Ε
407 3125 433 3173 et
454 3135 524 3174 rece.
549 3120 665 3188 quidam
691 3117 858 3189 νητρείαςΕ
882 3115 997 3187 νητρίας
1018 3117 1078 3171 rell.
1103 3150 1136 3157 -

123 3196 141 3242 9
160 3188 254 3244 πάντα
271 3189 307 3244 τά
325 3188 390 3260 μέλη
410 3190 432 3242 Ia
454 3190 548 3244 πάντα
567 3208 617 3246 om.
632 3191 663 3244 Β.
683 3222 716 3230 -
737 3198 770 3245 10
790 3190 891 3260 ξηρούς
907 3190 967 3244 RV.
983 3221 1017 3229 —-
1037 3195 1069 3242 12
1089 3190 1138 3243 καί

122 3259 311 3330 ἀναπηδήσας
326 3279 377 3316 om.
392 3260 441 3315 BC
455 3267 481 3315 et
494 3262 515 3314 L
534 3265 583 3330 ηκί
597 3279 649 3331 pro
669 3262 793 3325 ἀναστὰς
805 3263 911 3316 exhibet
924 3260 1137 3329 ἀνασκιρτήσας.

124 3363 158 3371 —
185 3337 217 3384 14
240 3341 290 3386 τοῦ
308 3329 448 3402 μακαρίου
467 3333 522 3386 ΑΒ.
545 3365 579 3373 -
604 3339 635 3387 17
659 3333 710 3388 τὸν
728 3332 868 3403 μακάριον
886 3332 942 3385 BV.
964 3365 996 3372 —
1020 3339 1053 3385 22
1074 3331 1137 3399 ἐφέ-

123 3422 187 3458 νετο
202 3404 227 3456 Α
246 3402 358 3472 ἐφέρετο
378 3402 406 3457 (ἰ.
427 3437 461 3443 -
480 3402 595 3466 οἰκείαις
613 3405 661 3457 ΑΒ
685 3401 773 3467 ἰδίαις
789 3403 850 3458 rell.
870 3436 903 3444 —
923 3403 1062 3473 ἐπέθηκεν
1080 3402 1136 3455 LR.

124 3505 158 3514 —-
175 3479 208 3528 25
221 3483 304 3530 τοῦτο
314 3475 395 3529 ALR.
407 3507 440 3515 —
456 3481 489 3528 27
504 3470 646 3536 ούτοςΟΒ
661 3493 710 3530 om.
721 3476 752 3529 B.
768 3508 802 3516 -
810 3473 1136 3566 χρίζων-έπανῆλθεΡ

121 3563 186 3600 cum
200 3545 263 3599 Ruf.
287 3546 595 3618 χρήζειν-έπανῆλθε
609 3544 741 3600 ACDEL
765 3546 976 3618 χρηζειν-καί
995 3545 1137 3608 είς-έπ-

123 3620 232 3685 ανῆλθε
250 3617 304 3671 BR
326 3617 436 3690 χρήζειν
447 3649 479 3658 -
490 3619 539 3672 καί
558 3618 598 3681 είς
608 3649 640 3657 -
652 3617 820 3673 ἐπανελθεῖν
834 3617 867 3671 V.
