<?xml version="1.0" encoding="UTF-8"?>
<!DOCTYPE html PUBLIC "-//W3C//DTD XHTML 1.0 Transitional//EN"
    "http://www.w3.org/TR/xhtml1/DTD/xhtml1-transitional.dtd">
<html xmlns="http://www.w3.org/1999/xhtml" xml:lang="en" lang="en">
 <head>
  <title>
</title>
<meta http-equiv="Content-Type" content="text/html;charset=utf-8" />
  <meta name='ocr-system' content='tesseract 3.04.00' />
  <meta name='ocr-capabilities' content='ocr_page ocr_carea ocr_par ocr_line ocrx_word'/>
</head>
<body>
  <div class='ocr_page' id='page_1' title='image "./georgiimonachic00boorgoog_0125.png"; bbox 0 0 2617 3909; ppageno 0'>
   <div class='ocr_carea' id='block_1_1' title="bbox 526 232 1120 298">
    <p class='ocr_par' dir='ltr' id='par_1_1' title="bbox 526 232 1120 298">
     <span class='ocr_line' id='line_1_1' title="bbox 526 232 1120 298; baseline 0.002 -12"><span class='ocrx_word' id='word_1_1' title='bbox 526 235 715 286; x_wconf 83' lang='lat' dir='ltr'>XPONIKON</span> <span class='ocrx_word' id='word_1_2' title='bbox 1057 232 1120 298; x_wconf 83' lang='grc'><strong><em>501</em></strong></span> 
     </span>
    </p>
   </div>
   <div class='ocr_carea' id='block_1_2' title="bbox 102 380 1259 2722">
    <p class='ocr_par' dir='ltr' id='par_1_2' title="bbox 103 380 1123 561">
     <span class='ocr_line' id='line_1_2' title="bbox 103 380 1123 464; baseline 0 -22"><span class='ocrx_word' id='word_1_3' title='bbox 103 381 141 442; x_wconf 87' lang='grc' dir='ltr'><strong><em>αί</em></strong></span> <span class='ocrx_word' id='word_1_4' title='bbox 166 381 246 463; x_wconf 87' lang='grc' dir='ltr'><strong><em>πρὸς</em></strong></span> <span class='ocrx_word' id='word_1_5' title='bbox 272 382 467 462; x_wconf 69' lang='grc' dir='ltr'><em>διακόσμησιν</em></span> <span class='ocrx_word' id='word_1_6' title='bbox 498 381 549 443; x_wconf 76' lang='grc' dir='ltr'><strong><em>καί</em></strong></span> <span class='ocrx_word' id='word_1_7' title='bbox 575 380 752 464; x_wconf 75' lang='grc' dir='ltr'><strong><em>εὐπρέπειαν</em></strong></span> <span class='ocrx_word' id='word_1_8' title='bbox 778 381 872 444; x_wconf 83' lang='grc' dir='ltr'><strong><em>αύτοῦ</em></strong></span> <span class='ocrx_word' id='word_1_9' title='bbox 898 387 1008 462; x_wconf 85' lang='grc' dir='ltr'><strong><em>χαλκαῖ</em></strong></span> <span class='ocrx_word' id='word_1_10' title='bbox 1034 384 1123 456; x_wconf 78' lang='grc' dir='ltr'><strong><em>ζῶναι</em></strong></span> 
     </span>
     <span class='ocr_line' id='line_1_3' title="bbox 104 477 1123 561; baseline 0.001 -21"><span class='ocrx_word' id='word_1_11' title='bbox 104 477 212 541; x_wconf 83' lang='grc' dir='ltr'><strong><em>καλοί</em></strong></span> <span class='ocrx_word' id='word_1_12' title='bbox 233 483 360 542; x_wconf 85' lang='grc' dir='ltr'><strong><em>πλεῖστοι</em></strong></span> <span class='ocrx_word' id='word_1_13' title='bbox 381 485 477 560; x_wconf 79' lang='grc' dir='ltr'><strong><em>λῶροι.</em></strong></span> <span class='ocrx_word' id='word_1_14' title='bbox 523 478 573 541; x_wconf 81' lang='grc' dir='ltr'><strong><em>καί</em></strong></span> <span class='ocrx_word' id='word_1_15' title='bbox 600 477 675 561; x_wconf 76' lang='grc' dir='ltr'><strong><em>πρὸς</em></strong></span> <span class='ocrx_word' id='word_1_16' title='bbox 696 481 812 554; x_wconf 82' lang='grc' dir='ltr'><strong><em>τούτοις</em></strong></span> <span class='ocrx_word' id='word_1_17' title='bbox 833 479 925 542; x_wconf 77' lang='grc' dir='ltr'><strong><em>ἔκτισε</em></strong></span> <span class='ocrx_word' id='word_1_18' title='bbox 947 479 1040 554; x_wconf 81' lang='grc' dir='ltr'><strong><em>ναούς</em></strong></span> <span class='ocrx_word' id='word_1_19' title='bbox 1064 490 1123 542; x_wconf 84' lang='grc' dir='ltr'><strong><em>τῶν</em></strong></span> 
     </span>
    </p>

    <p class='ocr_par' dir='ltr' id='par_1_3' title="bbox 103 574 1216 760">
     <span class='ocr_line' id='line_1_4' title="bbox 103 574 1216 660; baseline 0.003 -23"><span class='ocrx_word' id='word_1_20' title='bbox 103 599 134 638; x_wconf 90' lang='grc' dir='ltr'><strong><em>τε</em></strong></span> <span class='ocrx_word' id='word_1_21' title='bbox 158 574 257 658; x_wconf 98' lang='grc' dir='ltr'><strong><em>ἁγίων</em></strong></span> <span class='ocrx_word' id='word_1_22' title='bbox 279 575 451 640; x_wconf 76' lang='grc' dir='ltr'><strong><em>ἀποστόλων</em></strong></span> <span class='ocrx_word' id='word_1_23' title='bbox 474 576 599 657; x_wconf 77' lang='grc' dir='ltr'><strong><em>καὶτῆς</em></strong></span> <span class='ocrx_word' id='word_1_24' title='bbox 621 575 707 659; x_wconf 78' lang='grc' dir='ltr'><strong><em>ἁγίοις</em></strong></span> <span class='ocrx_word' id='word_1_25' title='bbox 729 578 866 660; x_wconf 75' lang='grc' dir='ltr'><strong><em>Εἰρήνης</em></strong></span> <span class='ocrx_word' id='word_1_26' title='bbox 887 576 938 639; x_wconf 87' lang='grc' dir='ltr'><strong><em>καλ</em></strong></span> <span class='ocrx_word' id='word_1_27' title='bbox 959 586 1013 639; x_wconf 81' lang='grc' dir='ltr'><strong><em>τού</em></strong></span> <span class='ocrx_word' id='word_1_28' title='bbox 1035 575 1122 659; x_wconf 89' lang='grc' dir='ltr'><strong><em>ἁγίου</em></strong></span> <span class='ocrx_word' id='word_1_29' title='bbox 1137 590 1216 632; x_wconf 65' lang='lat'><strong><em>4⁰11!1</em></strong></span> 
     </span>
     <span class='ocr_line' id='line_1_5' title="bbox 103 671 1015 760; baseline 0.002 -26"><span class='ocrx_word' id='word_1_30' title='bbox 103 675 245 736; x_wconf 88' lang='grc' dir='ltr'><strong><em>Μωκίου</em></strong></span> <span class='ocrx_word' id='word_1_31' title='bbox 267 673 391 737; x_wconf 75' lang='grc' dir='ltr'><strong><em>καὶτοῦ</em></strong></span> <span class='ocrx_word' id='word_1_32' title='bbox 414 673 592 758; x_wconf 74' lang='grc' dir='ltr'><strong><em>ἀρχαγγέλου</em></strong></span> <span class='ocrx_word' id='word_1_33' title='bbox 616 675 740 756; x_wconf 73' lang='grc' dir='ltr'><strong><em>Μιχαὴλ</em></strong></span> <span class='ocrx_word' id='word_1_34' title='bbox 763 675 796 738; x_wconf 82' lang='grc' dir='ltr'><strong><em>έν</em></strong></span> <span class='ocrx_word' id='word_1_35' title='bbox 817 679 857 760; x_wconf 76' lang='grc' dir='ltr'><strong><em>τῷ</em></strong></span> <span class='ocrx_word' id='word_1_36' title='bbox 873 671 1015 760; x_wconf 73' lang='grc' dir='ltr'><strong><em>’Λνὰπλφ</em></strong></span> 
     </span>
    </p>

    <p class='ocr_par' dir='ltr' id='par_1_4' title="bbox 102 766 1162 1737">
     <span class='ocr_line' id='line_1_6' title="bbox 173 766 1162 855; baseline 0.001 -21"><span class='ocrx_word' id='word_1_37' title='bbox 173 766 254 834; x_wconf 81' lang='grc' dir='ltr'><strong><em>Εἶτα</em></strong></span> <span class='ocrx_word' id='word_1_38' title='bbox 276 773 404 852; x_wconf 88' lang='grc' dir='ltr'><strong><em>ποιήσας</em></strong></span> <span class='ocrx_word' id='word_1_39' title='bbox 425 774 567 855; x_wconf 85' lang='grc' dir='ltr'><strong><em>καίσαρας</em></strong></span> <span class='ocrx_word' id='word_1_40' title='bbox 585 774 793 837; x_wconf 85' lang='grc' dir='ltr'><strong><em>Κωνστὰντιον</em></strong></span> <span class='ocrx_word' id='word_1_41' title='bbox 813 775 866 838; x_wconf 84' lang='grc' dir='ltr'><strong><em>τὸν</em></strong></span> <span class='ocrx_word' id='word_1_42' title='bbox 887 775 956 837; x_wconf 80' lang='grc' dir='ltr'><strong><em>υἱὸν</em></strong></span> <span class='ocrx_word' id='word_1_43' title='bbox 978 775 1071 838; x_wconf 79' lang='grc' dir='ltr'><strong><em>αὐτοῦ</em></strong></span> <span class='ocrx_word' id='word_1_44' title='bbox 1089 774 1122 836; x_wconf 85' lang='grc' dir='ltr'><strong><em>έν</em></strong></span> <span class='ocrx_word' id='word_1_45' title='bbox 1150 795 1162 835; x_wconf 83' lang='lat'><strong>5</strong></span> 
     </span>
     <span class='ocr_line' id='line_1_7' title="bbox 103 871 1122 953; baseline 0.002 -21"><span class='ocrx_word' id='word_1_46' title='bbox 103 871 424 934; x_wconf 80' lang='grc' dir='ltr'><strong><em>Κωνσταντινουπόλει</em></strong></span> <span class='ocrx_word' id='word_1_47' title='bbox 450 871 500 932; x_wconf 78' lang='grc' dir='ltr'><strong><em>καί</em></strong></span> <span class='ocrx_word' id='word_1_48' title='bbox 523 873 663 934; x_wconf 79' lang='grc' dir='ltr'><strong><em>Λικίνιον</em></strong></span> <span class='ocrx_word' id='word_1_49' title='bbox 689 872 824 953; x_wconf 82' lang='grc' dir='ltr'><strong><em>γαμβρόν</em></strong></span> <span class='ocrx_word' id='word_1_50' title='bbox 853 873 945 935; x_wconf 81' lang='grc' dir='ltr'><strong><em>αὐτοῦ</em></strong></span> <span class='ocrx_word' id='word_1_51' title='bbox 972 871 1005 934; x_wconf 85' lang='grc' dir='ltr'><strong><em>έν</em></strong></span> <span class='ocrx_word' id='word_1_52' title='bbox 1027 876 1122 934; x_wconf 89' lang='grc' dir='ltr'><strong><em>Νικο-</em></strong></span> 
     </span>
     <span class='ocr_line' id='line_1_8' title="bbox 103 962 1122 1053; baseline 0.002 -25"><span class='ocrx_word' id='word_1_53' title='bbox 103 968 218 1053; x_wconf 81' lang='grc' dir='ltr'><strong><em>μηθείγ</em></strong></span> <span class='ocrx_word' id='word_1_54' title='bbox 250 978 303 1048; x_wconf 76' lang='grc' dir='ltr'><strong><em>τῆς</em></strong></span> <span class='ocrx_word' id='word_1_55' title='bbox 328 970 476 1042; x_wconf 82' lang='grc' dir='ltr'><strong><em>Βιθυνίας</em></strong></span> <span class='ocrx_word' id='word_1_56' title='bbox 507 968 581 1030; x_wconf 82' lang='grc' dir='ltr'><strong><em>κατὰ</em></strong></span> <span class='ocrx_word' id='word_1_57' title='bbox 608 972 734 1050; x_wconf 84' lang='grc' dir='ltr'><strong><em>Περσῶν</em></strong></span> <span class='ocrx_word' id='word_1_58' title='bbox 765 969 966 1052; x_wconf 77' lang='grc' dir='ltr'><strong><em>ἐστράτευσεν,</em></strong></span> <span class='ocrx_word' id='word_1_59' title='bbox 998 966 1053 1049; x_wconf 80' lang='grc' dir='ltr'><strong><em>ὑφ’</em></strong></span> <span class='ocrx_word' id='word_1_60' title='bbox 1079 962 1122 1031; x_wconf 81' lang='grc' dir='ltr'><strong><em>ὧν</em></strong></span> 
     </span>
     <span class='ocr_line' id='line_1_9' title="bbox 102 1065 1123 1150; baseline 0.003 -24"><span class='ocrx_word' id='word_1_61' title='bbox 102 1065 314 1146; x_wconf 74' lang='grc' dir='ltr'><strong><em>παρακληθείς</em></strong></span> <span class='ocrx_word' id='word_1_62' title='bbox 342 1065 516 1149; x_wconf 79' lang='grc' dir='ltr'><strong><em>ὑποφόρους</em></strong></span> <span class='ocrx_word' id='word_1_63' title='bbox 544 1065 653 1140; x_wconf 80' lang='grc' dir='ltr'><strong><em>αὐτοὺς</em></strong></span> <span class='ocrx_word' id='word_1_64' title='bbox 682 1066 810 1145; x_wconf 77' lang='grc' dir='ltr'><strong><em>ποιήσας</em></strong></span> <span class='ocrx_word' id='word_1_65' title='bbox 838 1065 1027 1150; x_wconf 75' lang='grc' dir='ltr'><strong><em>ὑπέστρεψεν.</em></strong></span> <span class='ocrx_word' id='word_1_66' title='bbox 1072 1066 1123 1129; x_wconf 79' lang='grc' dir='ltr'><strong><em>καὶ</em></strong></span> 
     </span>
     <span class='ocr_line' id='line_1_10' title="bbox 102 1162 1122 1248; baseline 0.002 -24"><span class='ocrx_word' id='word_1_67' title='bbox 102 1162 221 1240; x_wconf 81' lang='grc' dir='ltr'><strong><em>μαθὼν</em></strong></span> <span class='ocrx_word' id='word_1_68' title='bbox 243 1163 276 1226; x_wconf 78' lang='grc' dir='ltr'><strong><em>ἐν</em></strong></span> <span class='ocrx_word' id='word_1_69' title='bbox 298 1165 485 1248; x_wconf 81' lang='grc' dir='ltr'><strong><em>Νικομηθείγ</em></strong></span> <span class='ocrx_word' id='word_1_70' title='bbox 513 1165 557 1226; x_wconf 82' lang='grc' dir='ltr'><strong><em>ὅτι</em></strong></span> <span class='ocrx_word' id='word_1_71' title='bbox 579 1165 717 1238; x_wconf 79' lang='grc' dir='ltr'><strong><em>Λικίνιος</em></strong></span> <span class='ocrx_word' id='word_1_72' title='bbox 743 1174 878 1247; x_wconf 81' lang='grc' dir='ltr'><strong><em>τιμωρῶν</em></strong></span> <span class='ocrx_word' id='word_1_73' title='bbox 905 1164 1031 1242; x_wconf 80' lang='grc' dir='ltr'><strong><em>ἐφόνευε</em></strong></span> <span class='ocrx_word' id='word_1_74' title='bbox 1052 1165 1122 1238; x_wconf 83' lang='grc' dir='ltr'><strong><em>τούς</em></strong></span> 
     </span>
     <span class='ocr_line' id='line_1_11' title="bbox 103 1254 1162 1344; baseline 0.002 -22"><span class='ocrx_word' id='word_1_75' title='bbox 103 1261 296 1341; x_wconf 81' lang='grc' dir='ltr'><strong><em>χριστιανούς</em></strong></span> <span class='ocrx_word' id='word_1_76' title='bbox 319 1259 459 1344; x_wconf 82' lang='grc' dir='ltr'><strong><em>ὀργίζεται</em></strong></span> <span class='ocrx_word' id='word_1_77' title='bbox 487 1258 551 1324; x_wconf 89' lang='grc' dir='ltr'><strong><em>κατ’</em></strong></span> <span class='ocrx_word' id='word_1_78' title='bbox 572 1262 664 1324; x_wconf 81' lang='grc' dir='ltr'><strong><em>αὐτοῦ</em></strong></span> <span class='ocrx_word' id='word_1_79' title='bbox 687 1261 826 1343; x_wconf 86' lang='grc' dir='ltr'><strong><em>μεγύλως.</em></strong></span> <span class='ocrx_word' id='word_1_80' title='bbox 871 1254 914 1323; x_wconf 78' lang='grc' dir='ltr'><strong><em>ὧν</em></strong></span> <span class='ocrx_word' id='word_1_81' title='bbox 937 1262 1044 1342; x_wconf 81' lang='grc' dir='ltr'><strong><em>μεταξύ</em></strong></span> <span class='ocrx_word' id='word_1_82' title='bbox 1066 1285 1121 1324; x_wconf 90' lang='grc' dir='ltr'><strong><em>πο-</em></strong></span> <span class='ocrx_word' id='word_1_83' title='bbox 1136 1286 1162 1324; x_wconf 84' lang='grc' dir='ltr'><strong><em>ιο</em></strong></span> 
     </span>
     <span class='ocr_line' id='line_1_12' title="bbox 102 1355 1121 1441; baseline 0.002 -21"><span class='ocrx_word' id='word_1_84' title='bbox 102 1355 199 1438; x_wconf 85' lang='grc' dir='ltr'><strong><em>λέμου</em></strong></span> <span class='ocrx_word' id='word_1_85' title='bbox 228 1358 388 1441; x_wconf 77' lang='grc' dir='ltr'><strong><em>γενομένου</em></strong></span> <span class='ocrx_word' id='word_1_86' title='bbox 416 1357 580 1440; x_wconf 88' lang='grc' dir='ltr'><strong><em>συνεσχέθη</em></strong></span> <span class='ocrx_word' id='word_1_87' title='bbox 607 1361 747 1432; x_wconf 92' lang='grc' dir='ltr'><strong><em>Λικίνιος</em></strong></span> <span class='ocrx_word' id='word_1_88' title='bbox 778 1362 836 1433; x_wconf 80' lang='grc' dir='ltr'><strong><em>ζῶν</em></strong></span> <span class='ocrx_word' id='word_1_89' title='bbox 865 1359 898 1421; x_wconf 80' lang='grc' dir='ltr'><strong><em>έν</em></strong></span> <span class='ocrx_word' id='word_1_90' title='bbox 925 1360 1121 1441; x_wconf 83' lang='grc' dir='ltr'><strong><em>Χρυσοπόλει,</em></strong></span> 
     </span>
     <span class='ocr_line' id='line_1_13' title="bbox 103 1455 1121 1542; baseline 0.003 -26"><span class='ocrx_word' id='word_1_91' title='bbox 103 1455 156 1517; x_wconf 86' lang='grc' dir='ltr'><strong><em>καὶ</em></strong></span> <span class='ocrx_word' id='word_1_92' title='bbox 180 1466 288 1518; x_wconf 81' lang='grc' dir='ltr'><strong><em>τοῦτον</em></strong></span> <span class='ocrx_word' id='word_1_93' title='bbox 311 1456 343 1518; x_wconf 81' lang='grc' dir='ltr'><strong><em>έν</em></strong></span> <span class='ocrx_word' id='word_1_94' title='bbox 369 1458 568 1542; x_wconf 71' lang='grc' dir='ltr'><strong><em>Θεσσαλονίκῃ</em></strong></span> <span class='ocrx_word' id='word_1_95' title='bbox 597 1458 777 1541; x_wconf 90' lang='grc' dir='ltr'><strong><em>περιοόρισεν.</em></strong></span> <span class='ocrx_word' id='word_1_96' title='bbox 822 1457 912 1518; x_wconf 84' lang='grc' dir='ltr'><strong><em>πόλιν</em></strong></span> <span class='ocrx_word' id='word_1_97' title='bbox 934 1455 967 1519; x_wconf 82' lang='grc' dir='ltr'><strong><em>δέ</em></strong></span> <span class='ocrx_word' id='word_1_98' title='bbox 989 1460 1121 1539; x_wconf 85' lang='grc' dir='ltr'><strong><em>νεωτερί-</em></strong></span> 
     </span>
     <span class='ocr_line' id='line_1_14' title="bbox 103 1553 1122 1637; baseline 0.001 -22"><span class='ocrx_word' id='word_1_99' title='bbox 103 1556 211 1628; x_wconf 84' lang='grc' dir='ltr'><strong><em>ζοντας</em></strong></span> <span class='ocrx_word' id='word_1_100' title='bbox 233 1554 326 1616; x_wconf 80' lang='grc' dir='ltr'><strong><em>αὐτοῦ</em></strong></span> <span class='ocrx_word' id='word_1_101' title='bbox 346 1553 396 1616; x_wconf 81' lang='grc' dir='ltr'><strong><em>καί</em></strong></span> <span class='ocrx_word' id='word_1_102' title='bbox 415 1554 513 1616; x_wconf 83' lang='grc' dir='ltr'><strong><em>ὅπλων</em></strong></span> <span class='ocrx_word' id='word_1_103' title='bbox 531 1553 709 1635; x_wconf 73' lang='grc' dir='ltr'><strong><em>ἁπτομένου,</em></strong></span> <span class='ocrx_word' id='word_1_104' title='bbox 727 1556 1122 1637; x_wconf 80' lang='grc' dir='ltr'><strong><em>προστάξαντοςΚωνσταν-</em></strong></span> 
     </span>
     <span class='ocr_line' id='line_1_15' title="bbox 103 1650 362 1737; baseline 0.015 -27"><span class='ocrx_word' id='word_1_105' title='bbox 103 1653 193 1714; x_wconf 82' lang='grc' dir='ltr'><strong><em>πίνου</em></strong></span> <span class='ocrx_word' id='word_1_106' title='bbox 217 1650 362 1737; x_wconf 73' lang='grc' dir='ltr'><strong><em>ἀνῃρέθη.</em></strong></span> 
     </span>
    </p>

    <p class='ocr_par' dir='ltr' id='par_1_5' title="bbox 103 1744 1259 2517">
     <span class='ocr_line' id='line_1_16' title="bbox 170 1744 1255 1835; baseline 0.001 -24"><span class='ocrx_word' id='word_1_107' title='bbox 170 1744 215 1812; x_wconf 86' lang='grc' dir='ltr'><em>Ἡ</em></span> <span class='ocrx_word' id='word_1_108' title='bbox 237 1748 269 1812; x_wconf 81' lang='grc' dir='ltr'><strong><em>δέ</em></strong></span> <span class='ocrx_word' id='word_1_109' title='bbox 297 1752 425 1832; x_wconf 85' lang='grc' dir='ltr'><strong><em>μακαρία</em></strong></span> <span class='ocrx_word' id='word_1_110' title='bbox 442 1746 548 1831; x_wconf 82' lang='grc' dir='ltr'><strong><em>Ἑλένη</em></strong></span> <span class='ocrx_word' id='word_1_111' title='bbox 575 1751 618 1826; x_wconf 87' lang='grc' dir='ltr'><strong><em>είς</em></strong></span> <span class='ocrx_word' id='word_1_112' title='bbox 637 1745 826 1832; x_wconf 73' lang='grc' dir='ltr'><strong><em>Ἰερουσαλὴμ</em></strong></span> <span class='ocrx_word' id='word_1_113' title='bbox 848 1750 1021 1814; x_wconf 80' lang='grc' dir='ltr'><strong><em>ἀπελθοῦσα</em></strong></span> <span class='ocrx_word' id='word_1_114' title='bbox 1047 1752 1122 1835; x_wconf 77' lang='grc' dir='ltr'><strong><em>πρὸς</em></strong></span> <span class='ocrx_word' id='word_1_115' title='bbox 1135 1774 1162 1815; x_wconf 80' lang='grc' dir='ltr'><strong><em>ιε</em></strong></span> <span class='ocrx_word' id='word_1_116' title='bbox 1175 1774 1255 1815; x_wconf 73' lang='grc' dir='ltr'><strong><em>εοειτ.</em></strong></span> 
     </span>
     <span class='ocr_line' id='line_1_17' title="bbox 103 1845 1121 1932; baseline 0.004 -24"><span class='ocrx_word' id='word_1_117' title='bbox 103 1845 288 1928; x_wconf 77' lang='grc' dir='ltr'><strong><em>ἀναζήτησιν</em></strong></span> <span class='ocrx_word' id='word_1_118' title='bbox 311 1857 364 1910; x_wconf 82' lang='grc' dir='ltr'><strong><em>τού</em></strong></span> <span class='ocrx_word' id='word_1_119' title='bbox 386 1851 484 1929; x_wconf 85' lang='grc' dir='ltr'><strong><em>τιμίου</em></strong></span> <span class='ocrx_word' id='word_1_120' title='bbox 507 1859 636 1932; x_wconf 79' lang='grc' dir='ltr'><strong><em>σταυροῦ</em></strong></span> <span class='ocrx_word' id='word_1_121' title='bbox 661 1849 712 1911; x_wconf 76' lang='grc' dir='ltr'><strong><em>καὶ</em></strong></span> <span class='ocrx_word' id='word_1_122' title='bbox 733 1859 839 1912; x_wconf 80' lang='grc' dir='ltr'><strong><em>τοῦτον</em></strong></span> <span class='ocrx_word' id='word_1_123' title='bbox 861 1849 989 1932; x_wconf 75' lang='grc' dir='ltr'><strong><em>εὑροῦσα</em></strong></span> <span class='ocrx_word' id='word_1_124' title='bbox 1010 1849 1121 1912; x_wconf 81' lang='grc' dir='ltr'><strong><em>Ιέκτισεν</em></strong></span> 
     </span>
     <span class='ocr_line' id='line_1_18' title="bbox 103 1944 1121 2032; baseline 0.002 -25"><span class='ocrx_word' id='word_1_125' title='bbox 103 1944 263 2026; x_wconf 72' lang='grc' dir='ltr'><strong><em>ἐκκλησίας</em></strong></span> <span class='ocrx_word' id='word_1_126' title='bbox 281 1948 452 2026; x_wconf 79' lang='grc' dir='ltr'><strong><em>θαυμασίας</em></strong></span> <span class='ocrx_word' id='word_1_127' title='bbox 469 1948 655 2010; x_wconf 82' lang='grc' dir='ltr'><strong><em>καταλύσασα</em></strong></span> <span class='ocrx_word' id='word_1_128' title='bbox 674 1947 725 2009; x_wconf 80' lang='grc' dir='ltr'><strong><em>τὸν</em></strong></span> <span class='ocrx_word' id='word_1_129' title='bbox 743 1947 791 2009; x_wconf 83' lang='grc' dir='ltr'><strong><em>έπλ</em></strong></span> <span class='ocrx_word' id='word_1_130' title='bbox 807 1950 846 2032; x_wconf 79' lang='grc' dir='ltr'><strong><em>τῷ</em></strong></span> <span class='ocrx_word' id='word_1_131' title='bbox 862 1948 1022 2032; x_wconf 75' lang='grc' dir='ltr'><strong><em>δεσποτική)</em></strong></span> <span class='ocrx_word' id='word_1_132' title='bbox 1037 1950 1121 2032; x_wconf 79' lang='grc' dir='ltr'><strong><em>τύφῳ</em></strong></span> 
     </span>
     <span class='ocr_line' id='line_1_19' title="bbox 105 2041 1121 2130; baseline 0.002 -26"><span class='ocrx_word' id='word_1_133' title='bbox 105 2042 268 2106; x_wconf 77' lang='grc' dir='ltr'><strong><em>κτισθέντα</em></strong></span> <span class='ocrx_word' id='word_1_134' title='bbox 295 2043 370 2106; x_wconf 78' lang='grc' dir='ltr'><strong><em>ναόν</em></strong></span> <span class='ocrx_word' id='word_1_135' title='bbox 396 2043 456 2107; x_wconf 76' lang='grc' dir='ltr'><strong><em>ὑπὸ</em></strong></span> <span class='ocrx_word' id='word_1_136' title='bbox 483 2055 542 2107; x_wconf 84' lang='grc' dir='ltr'><strong><em>τῶν</em></strong></span> <span class='ocrx_word' id='word_1_137' title='bbox 569 2044 671 2106; x_wconf 87' lang='grc' dir='ltr'><strong><em>ἀθέων</em></strong></span> <span class='ocrx_word' id='word_1_138' title='bbox 698 2054 733 2130; x_wconf 73' lang='grc' dir='ltr'><strong><em>τῇ</em></strong></span> <span class='ocrx_word' id='word_1_139' title='bbox 758 2041 927 2129; x_wconf 76' lang='grc' dir='ltr'><strong><em>Ἀφροδίτη.</em></strong></span> <span class='ocrx_word' id='word_1_140' title='bbox 973 2044 1023 2106; x_wconf 88' lang='grc' dir='ltr'><strong><em>καλ</em></strong></span> <span class='ocrx_word' id='word_1_141' title='bbox 1045 2044 1121 2106; x_wconf 82' lang='grc' dir='ltr'><strong><em>ύπο-</em></strong></span> 
     </span>
     <span class='ocr_line' id='line_1_20' title="bbox 104 2140 1122 2228; baseline 0.005 -28"><span class='ocrx_word' id='word_1_142' title='bbox 104 2141 259 2222; x_wconf 83' lang='grc' dir='ltr'><strong><em>σιρέψασα</em></strong></span> <span class='ocrx_word' id='word_1_143' title='bbox 286 2141 336 2203; x_wconf 86' lang='grc' dir='ltr'><strong><em>καλ</em></strong></span> <span class='ocrx_word' id='word_1_144' title='bbox 362 2142 455 2204; x_wconf 86' lang='grc' dir='ltr'><strong><em>πολλὰ</em></strong></span> <span class='ocrx_word' id='word_1_145' title='bbox 477 2150 516 2228; x_wconf 79' lang='grc' dir='ltr'><strong><em>τῷ</em></strong></span> <span class='ocrx_word' id='word_1_146' title='bbox 540 2144 596 2228; x_wconf 78' lang='grc' dir='ltr'><strong><em>υἱῷ</em></strong></span> <span class='ocrx_word' id='word_1_147' title='bbox 618 2141 685 2225; x_wconf 77' lang='grc' dir='ltr'><strong><em>περί</em></strong></span> <span class='ocrx_word' id='word_1_148' title='bbox 707 2152 760 2222; x_wconf 76' lang='grc' dir='ltr'><strong><em>τῆς</em></strong></span> <span class='ocrx_word' id='word_1_149' title='bbox 782 2143 825 2216; x_wconf 84' lang='grc' dir='ltr'><strong><em>εἰς</em></strong></span> <span class='ocrx_word' id='word_1_150' title='bbox 847 2140 976 2224; x_wconf 86' lang='grc' dir='ltr'><strong><em>Χριστὸν</em></strong></span> <span class='ocrx_word' id='word_1_151' title='bbox 998 2143 1122 2216; x_wconf 88' lang='grc' dir='ltr'><strong><em>πίστεως</em></strong></span> 
     </span>
     <span class='ocr_line' id='line_1_21' title="bbox 105 2236 1259 2320; baseline 0.005 -21"><span class='ocrx_word' id='word_1_152' title='bbox 105 2236 295 2320; x_wconf 71' lang='grc' dir='ltr'><strong><em>ἐντειλαμένη</em></strong></span> <span class='ocrx_word' id='word_1_153' title='bbox 335 2238 517 2320; x_wconf 77' lang='grc' dir='ltr'><strong><em>ἐτελεύτησεν</em></strong></span> <span class='ocrx_word' id='word_1_154' title='bbox 544 2240 616 2302; x_wconf 79' lang='grc' dir='ltr'><strong><em>ἐτῶν</em></strong></span> <span class='ocrx_word' id='word_1_155' title='bbox 643 2237 689 2319; x_wconf 84' lang='grc' dir='ltr'><strong><em>π’,</em></strong></span> <span class='ocrx_word' id='word_1_156' title='bbox 721 2237 761 2318; x_wconf 75' lang='grc' dir='ltr'><strong><em>ἣν</em></strong></span> <span class='ocrx_word' id='word_1_157' title='bbox 787 2237 837 2300; x_wconf 85' lang='grc' dir='ltr'><strong><em>καλ</em></strong></span> <span class='ocrx_word' id='word_1_158' title='bbox 865 2239 982 2315; x_wconf 75' lang='grc' dir='ltr'><strong><em>ἔθαψεν</em></strong></span> <span class='ocrx_word' id='word_1_159' title='bbox 1009 2238 1025 2302; x_wconf 81' lang='grc' dir='ltr'><strong><em>ό</em></strong></span> <span class='ocrx_word' id='word_1_160' title='bbox 1052 2238 1119 2313; x_wconf 87' lang='grc' dir='ltr'><strong><em>υίὸς</em></strong></span> <span class='ocrx_word' id='word_1_161' title='bbox 1133 2263 1160 2303; x_wconf 81' lang='grc' dir='ltr'><strong><em>εο</em></strong></span> <span class='ocrx_word' id='word_1_162' title='bbox 1173 2264 1259 2304; x_wconf 71' lang='grc' dir='ltr'><strong><em>ωειι</em></strong></span> 
     </span>
     <span class='ocr_line' id='line_1_22' title="bbox 106 2335 1121 2422; baseline 0.003 -26"><span class='ocrx_word' id='word_1_163' title='bbox 106 2337 202 2418; x_wconf 76' lang='grc' dir='ltr'><strong><em>αὐτῆς</em></strong></span> <span class='ocrx_word' id='word_1_164' title='bbox 225 2337 257 2398; x_wconf 83' lang='grc' dir='ltr'><strong><em>έν</em></strong></span> <span class='ocrx_word' id='word_1_165' title='bbox 280 2343 318 2422; x_wconf 76' lang='grc' dir='ltr'><strong><em>τῷ</em></strong></span> <span class='ocrx_word' id='word_1_166' title='bbox 342 2344 404 2422; x_wconf 78' lang='grc' dir='ltr'><strong><em>ναῷ</em></strong></span> <span class='ocrx_word' id='word_1_167' title='bbox 430 2347 490 2399; x_wconf 82' lang='grc' dir='ltr'><strong><em>τῶν</em></strong></span> <span class='ocrx_word' id='word_1_168' title='bbox 512 2336 605 2420; x_wconf 88' lang='grc' dir='ltr'><strong><em>ἁγίων</em></strong></span> <span class='ocrx_word' id='word_1_169' title='bbox 627 2336 799 2399; x_wconf 88' lang='grc' dir='ltr'><strong><em>ἀποστόλων</em></strong></span> <span class='ocrx_word' id='word_1_170' title='bbox 821 2335 854 2398; x_wconf 85' lang='grc' dir='ltr'><strong><em>έν</em></strong></span> <span class='ocrx_word' id='word_1_171' title='bbox 876 2340 1121 2399; x_wconf 83' lang='grc' dir='ltr'><strong><em>Κωνσταντινου-</em></strong></span> 
     </span>
     <span class='ocr_line' id='line_1_23' title="bbox 105 2429 1121 2517; baseline 0.003 -23"><span class='ocrx_word' id='word_1_172' title='bbox 105 2435 199 2498; x_wconf 89' lang='grc' dir='ltr'><strong><em>πόλει.</em></strong></span> <span class='ocrx_word' id='word_1_173' title='bbox 244 2435 342 2515; x_wconf 87' lang='grc' dir='ltr'><strong><em>πάσης</em></strong></span> <span class='ocrx_word' id='word_1_174' title='bbox 368 2438 471 2498; x_wconf 88' lang='grc' dir='ltr'><strong><em>τοίνυν</em></strong></span> <span class='ocrx_word' id='word_1_175' title='bbox 498 2434 602 2517; x_wconf 80' lang='grc' dir='ltr'><strong><em>ἀρετῆς</em></strong></span> <span class='ocrx_word' id='word_1_176' title='bbox 629 2432 649 2515; x_wconf 85' lang='grc' dir='ltr'><strong><em>ή</em></strong></span> <span class='ocrx_word' id='word_1_177' title='bbox 678 2435 806 2517; x_wconf 87' lang='grc' dir='ltr'><strong><em>μακαρία</em></strong></span> <span class='ocrx_word' id='word_1_178' title='bbox 832 2433 1036 2515; x_wconf 72' lang='grc' dir='ltr'><strong><em>κεκοσμημένη</em></strong></span> <span class='ocrx_word' id='word_1_179' title='bbox 1065 2429 1121 2516; x_wconf 77' lang='grc' dir='ltr'><strong><em>εἶχε</em></strong></span> 
     </span>
    </p>

    <p class='ocr_par' dir='ltr' id='par_1_6' title="bbox 180 2578 1120 2650">
     <span class='ocr_line' id='line_1_24' title="bbox 180 2578 1120 2650; baseline 0.001 -16"><span class='ocrx_word' id='word_1_180' title='bbox 180 2579 372 2640; x_wconf 70' lang='grc' dir='ltr'><strong><em>2-4,Τ11εοι1.</em></strong></span> <span class='ocrx_word' id='word_1_181' title='bbox 387 2580 463 2635; x_wconf 79' lang='lat' dir='ltr'><strong>Leet.</strong></span> <span class='ocrx_word' id='word_1_182' title='bbox 482 2583 516 2648; x_wconf 75' lang='lat' dir='ltr'><strong><em>cf.</em></strong></span> <span class='ocrx_word' id='word_1_183' title='bbox 533 2579 622 2636; x_wconf 81' lang='lat' dir='ltr'><strong>Oram.</strong></span> <span class='ocrx_word' id='word_1_184' title='bbox 637 2581 689 2634; x_wconf 87' lang='lat' dir='ltr'><strong><em>An.</em></strong></span> <span class='ocrx_word' id='word_1_185' title='bbox 704 2579 731 2634; x_wconf 90' lang='lat'><strong><em>11</em></strong></span> <span class='ocrx_word' id='word_1_186' title='bbox 743 2597 774 2649; x_wconf 78' lang='lat' dir='ltr'><strong><em>p.</em></strong></span> <span class='ocrx_word' id='word_1_187' title='bbox 790 2584 832 2648; x_wconf 85' lang='grc'><strong><em>92,</em></strong></span> <span class='ocrx_word' id='word_1_188' title='bbox 842 2584 876 2633; x_wconf 81' lang='grc'><strong><em>33</em></strong></span> <span class='ocrx_word' id='word_1_189' title='bbox 895 2578 1019 2649; x_wconf 78' lang='lat' dir='ltr'>Tbeoph.</span> <span class='ocrx_word' id='word_1_190' title='bbox 1030 2598 1061 2650; x_wconf 76' lang='grc' dir='ltr'><strong><em>γ.</em></strong></span> <span class='ocrx_word' id='word_1_191' title='bbox 1077 2587 1120 2648; x_wconf 77' lang='grc'><strong><em>22,</em></strong></span> 
     </span>
    </p>

    <p class='ocr_par' dir='ltr' id='par_1_7' title="bbox 107 2649 1119 2722">
     <span class='ocr_line' id='line_1_25' title="bbox 107 2649 1119 2722; baseline 0.004 -20"><span class='ocrx_word' id='word_1_192' title='bbox 107 2653 154 2718; x_wconf 79' lang='lat'><strong><em>303</em></strong></span> <span class='ocrx_word' id='word_1_193' title='bbox 179 2649 277 2719; x_wconf 82' lang='lat' dir='ltr'><strong>Polyd.</strong></span> <span class='ocrx_word' id='word_1_194' title='bbox 293 2669 321 2720; x_wconf 84' lang='lat' dir='ltr'><strong><em>p.</em></strong></span> <span class='ocrx_word' id='word_1_195' title='bbox 338 2657 433 2718; x_wconf 75' lang='grc'><strong><em>274,2</em></strong></span> <span class='ocrx_word' id='word_1_196' title='bbox 457 2651 512 2706; x_wconf 85' lang='lat' dir='ltr'><strong><em>Leo</em></strong></span> <span class='ocrx_word' id='word_1_197' title='bbox 532 2651 577 2707; x_wconf 80' lang='lat' dir='ltr'><strong><em>Gr.</em></strong></span> <span class='ocrx_word' id='word_1_198' title='bbox 593 2656 685 2722; x_wconf 69' lang='grc' dir='ltr'><strong><em>μ.’89,</em></strong></span> <span class='ocrx_word' id='word_1_199' title='bbox 704 2658 728 2706; x_wconf 82' lang='grc'><strong><em>3.</em></strong></span> <span class='ocrx_word' id='word_1_200' title='bbox 748 2683 781 2692; x_wconf 90' lang='grc'><strong>-</strong></span> <span class='ocrx_word' id='word_1_201' title='bbox 804 2657 901 2706; x_wconf 84' lang='lat'>8-14</span> <span class='ocrx_word' id='word_1_202' title='bbox 919 2650 1023 2706; x_wconf 81' lang='lat' dir='ltr'>Theod.</span> <span class='ocrx_word' id='word_1_203' title='bbox 1043 2651 1119 2707; x_wconf 79' lang='lat' dir='ltr'>Leot.</span> 
     </span>
    </p>
   </div>
   <div class='ocr_carea' id='block_1_3' title="bbox 104 2721 1119 2864">
    <p class='ocr_par' dir='ltr' id='par_1_8' title="bbox 104 2721 1119 2864">
     <span class='ocr_line' id='line_1_26' title="bbox 104 2721 1118 2794; baseline 0.005 -21"><span class='ocrx_word' id='word_1_204' title='bbox 104 2722 140 2789; x_wconf 79' lang='lat' dir='ltr'><strong><em>cf.</em></strong></span> <span class='ocrx_word' id='word_1_205' title='bbox 161 2721 251 2776; x_wconf 81' lang='lat' dir='ltr'><strong>Cram.</strong></span> <span class='ocrx_word' id='word_1_206' title='bbox 264 2740 293 2791; x_wconf 86' lang='grc' dir='ltr'><strong><em>μ.</em></strong></span> <span class='ocrx_word' id='word_1_207' title='bbox 310 2728 408 2792; x_wconf 79' lang='grc'><strong><em>91,19</em></strong></span> <span class='ocrx_word' id='word_1_208' title='bbox 427 2721 492 2778; x_wconf 80' lang='lat' dir='ltr'>Exc.</span> <span class='ocrx_word' id='word_1_209' title='bbox 507 2723 570 2778; x_wconf 68' lang='lat' dir='ltr'><strong>Bar.</strong></span> <span class='ocrx_word' id='word_1_210' title='bbox 585 2723 682 2794; x_wconf 84' lang='lat' dir='ltr'>Polyd.</span> <span class='ocrx_word' id='word_1_211' title='bbox 697 2740 726 2792; x_wconf 78' lang='lat' dir='ltr'><strong><em>p.</em></strong></span> <span class='ocrx_word' id='word_1_212' title='bbox 742 2728 803 2777; x_wconf 88' lang='grc'><strong><em>262.</em></strong></span> <span class='ocrx_word' id='word_1_213' title='bbox 822 2755 855 2764; x_wconf 95' lang='grc'><strong>-</strong></span> <span class='ocrx_word' id='word_1_214' title='bbox 881 2727 1012 2776; x_wconf 79' lang='grc'><strong>15-182</strong></span> <span class='ocrx_word' id='word_1_215' title='bbox 1029 2724 1064 2777; x_wconf 79' lang='lat' dir='ltr'><strong><em>ib.</em></strong></span> <span class='ocrx_word' id='word_1_216' title='bbox 1084 2726 1118 2793; x_wconf 78' lang='lat' dir='ltr'><strong><em>cs.</em></strong></span> 
     </span>
     <span class='ocr_line' id='line_1_27' title="bbox 108 2790 1119 2864; baseline 0.004 -20"><span class='ocrx_word' id='word_1_217' title='bbox 108 2790 215 2848; x_wconf 79' lang='lat' dir='ltr'>Sozom.</span> <span class='ocrx_word' id='word_1_218' title='bbox 233 2793 305 2847; x_wconf 78' lang='lat' dir='ltr'>Hist.</span> <span class='ocrx_word' id='word_1_219' title='bbox 326 2793 446 2864; x_wconf 83' lang='grc' dir='ltr'><strong><em>εοο1.Π,</em></strong></span> <span class='ocrx_word' id='word_1_220' title='bbox 466 2801 495 2864; x_wconf 90' lang='grc'><strong><em>1,</em></strong></span> <span class='ocrx_word' id='word_1_221' title='bbox 515 2801 539 2848; x_wconf 91' lang='grc'><strong><em>2.</em></strong></span> <span class='ocrx_word' id='word_1_222' title='bbox 563 2826 597 2835; x_wconf 90' lang='grc'>-</span> <span class='ocrx_word' id='word_1_223' title='bbox 622 2800 734 2849; x_wconf 83' lang='grc'><strong><em>18-22</em></strong></span> <span class='ocrx_word' id='word_1_224' title='bbox 758 2792 935 2863; x_wconf 76' lang='lat' dir='ltr'><strong><em>cs.&#39;1¹heoph.</em></strong></span> <span class='ocrx_word' id='word_1_225' title='bbox 955 2811 984 2863; x_wconf 78' lang='grc' dir='ltr'><strong><em>μ.</em></strong></span> <span class='ocrx_word' id='word_1_226' title='bbox 1009 2798 1052 2861; x_wconf 79' lang='grc'><strong><em>27,</em></strong></span> <span class='ocrx_word' id='word_1_227' title='bbox 1078 2799 1119 2848; x_wconf 86' lang='grc'><strong><em>10.</em></strong></span> 
     </span>
    </p>
   </div>
   <div class='ocr_carea' id='block_1_4' title="bbox 107 2915 1120 3273">
    <p class='ocr_par' dir='ltr' id='par_1_9' title="bbox 107 2915 1120 3273">
     <span class='ocr_line' id='line_1_28' title="bbox 181 2915 1119 2990; baseline 0.002 -20"><span class='ocrx_word' id='word_1_228' title='bbox 181 2923 195 2970; x_wconf 94' lang='lat'>1</span> <span class='ocrx_word' id='word_1_229' title='bbox 214 2917 419 2990; x_wconf 78' lang='grc' dir='ltr'><strong><em>τὰς-χαλκᾶς</em></strong></span> <span class='ocrx_word' id='word_1_230' title='bbox 431 2919 520 2983; x_wconf 79' lang='grc' dir='ltr'><strong><em>ζώνας</em></strong></span> <span class='ocrx_word' id='word_1_231' title='bbox 537 2919 586 2973; x_wconf 88' lang='grc' dir='ltr'><strong><em>καλ</em></strong></span> <span class='ocrx_word' id='word_1_232' title='bbox 608 2915 754 2981; x_wconf 84' lang='grc' dir='ltr'><strong><em>πλείστους</em></strong></span> <span class='ocrx_word' id='word_1_233' title='bbox 775 2918 882 2987; x_wconf 83' lang='grc' dir='ltr'><strong><em>λώρους</em></strong></span> <span class='ocrx_word' id='word_1_234' title='bbox 899 2916 1018 2985; x_wconf 78' lang='grc' dir='ltr'><strong><em>ὁρῶντες</em></strong></span> <span class='ocrx_word' id='word_1_235' title='bbox 1034 2918 1064 2972; x_wconf 70' lang='lat' dir='ltr'>L</span> <span class='ocrx_word' id='word_1_236' title='bbox 1085 2950 1119 2958; x_wconf 97' lang='lat'><em>-</em></span> 
     </span>
     <span class='ocr_line' id='line_1_29' title="bbox 107 2985 1120 3114; baseline 0.003 -72"><span class='ocrx_word' id='word_1_237' title='bbox 107 2985 292 3058; x_wconf 67' lang='grc' dir='ltr'><strong><em>διακόσμησιν</em></strong></span> <span class='ocrx_word' id='word_1_238' title='bbox 311 2989 398 3044; x_wconf 67' lang='grc' dir='ltr'><strong><em>αὐτοῦ</em></strong></span> <span class='ocrx_word' id='word_1_239' title='bbox 417 2990 465 3044; x_wconf 86' lang='grc' dir='ltr'><strong><em>καλ</em></strong></span> <span class='ocrx_word' id='word_1_240' title='bbox 479 2991 557 3060; x_wconf 81' lang='grc' dir='ltr'><strong><em>εύπρ.</em></strong></span> <span class='ocrx_word' id='word_1_241' title='bbox 563 3011 594 3114; x_wconf 55' lang='grc' dir='ltr'><strong><em>ἦ.</em></strong></span> <span class='ocrx_word' id='word_1_242' title='bbox 604 2989 661 3044; x_wconf 82' lang='lat' dir='ltr'><strong><em>AB.</em></strong></span> <span class='ocrx_word' id='word_1_243' title='bbox 676 3020 713 3032; x_wconf 90' lang='lat'>-</span> <span class='ocrx_word' id='word_1_244' title='bbox 726 2994 742 3042; x_wconf 89' lang='grc'><strong>6</strong></span> <span class='ocrx_word' id='word_1_245' title='bbox 756 2985 894 3044; x_wconf 86' lang='grc' dir='ltr'><strong><em>λικίννιον</em></strong></span> <span class='ocrx_word' id='word_1_246' title='bbox 907 2987 1039 3043; x_wconf 81' lang='lat' dir='ltr'>BODLV</span> <span class='ocrx_word' id='word_1_247' title='bbox 1056 2991 1120 3045; x_wconf 71' lang='lat' dir='ltr'><strong><em>item</em></strong></span> 
     </span>
     <span class='ocr_line' id='line_1_30' title="bbox 107 3057 1118 3136; baseline 0.003 -25"><span class='ocrx_word' id='word_1_248' title='bbox 107 3073 131 3111; x_wconf 90' lang='grc' dir='ltr'><strong><em>υ.</em></strong></span> <span class='ocrx_word' id='word_1_249' title='bbox 147 3064 171 3112; x_wconf 85' lang='grc'><strong><em>9.</em></strong></span> <span class='ocrx_word' id='word_1_250' title='bbox 187 3091 221 3100; x_wconf 98' lang='grc'>-</span> <span class='ocrx_word' id='word_1_251' title='bbox 240 3065 256 3113; x_wconf 82' lang='grc'>8</span> <span class='ocrx_word' id='word_1_252' title='bbox 275 3061 323 3114; x_wconf 84' lang='grc' dir='ltr'><strong><em>καλ</em></strong></span> <span class='ocrx_word' id='word_1_253' title='bbox 341 3059 505 3129; x_wconf 74' lang='grc' dir='ltr'><strong><em>ὑποφόρους</em></strong></span> <span class='ocrx_word' id='word_1_254' title='bbox 517 3061 562 3115; x_wconf 78' lang='lat' dir='ltr'><strong><em>FP</em></strong></span> <span class='ocrx_word' id='word_1_255' title='bbox 590 3093 646 3114; x_wconf 90' lang='lat'><strong><em>.—</em></strong></span> <span class='ocrx_word' id='word_1_256' title='bbox 666 3067 681 3115; x_wconf 80' lang='lat'>9</span> <span class='ocrx_word' id='word_1_257' title='bbox 701 3057 743 3114; x_wconf 82' lang='grc' dir='ltr'><strong><em>ὅτι</em></strong></span> <span class='ocrx_word' id='word_1_258' title='bbox 761 3062 813 3114; x_wconf 87' lang='grc' dir='ltr'><strong><em>λικ.</em></strong></span> <span class='ocrx_word' id='word_1_259' title='bbox 828 3060 859 3116; x_wconf 80' lang='grc' dir='ltr'><strong><em>έν</em></strong></span> <span class='ocrx_word' id='word_1_260' title='bbox 877 3058 1043 3136; x_wconf 78' lang='grc' dir='ltr'><strong><em>νικομιηθείρι</em></strong></span> <span class='ocrx_word' id='word_1_261' title='bbox 1059 3060 1118 3115; x_wconf 78' lang='lat' dir='ltr'><strong><em>LE.</em></strong></span> 
     </span>
     <span class='ocr_line' id='line_1_31' title="bbox 109 3128 1119 3203; baseline 0.004 -20"><span class='ocrx_word' id='word_1_262' title='bbox 109 3159 142 3170; x_wconf 90' lang='lat'><em>-</em></span> <span class='ocrx_word' id='word_1_263' title='bbox 158 3135 190 3183; x_wconf 90' lang='lat'><strong><em>11</em></strong></span> <span class='ocrx_word' id='word_1_264' title='bbox 201 3128 336 3195; x_wconf 81' lang='grc' dir='ltr'><strong><em>λικίννιος</em></strong></span> <span class='ocrx_word' id='word_1_265' title='bbox 344 3130 453 3186; x_wconf 76' lang='grc' dir='ltr'><strong><em>ΒΟΙΝ,</em></strong></span> <span class='ocrx_word' id='word_1_266' title='bbox 464 3163 498 3173; x_wconf 85' lang='lat'>-</span> <span class='ocrx_word' id='word_1_267' title='bbox 512 3138 547 3186; x_wconf 84' lang='lat'><strong><em>20</em></strong></span> <span class='ocrx_word' id='word_1_268' title='bbox 560 3131 596 3200; x_wconf 84' lang='grc' dir='ltr'><strong><em>ἣν</em></strong></span> <span class='ocrx_word' id='word_1_269' title='bbox 610 3132 660 3186; x_wconf 85' lang='grc' dir='ltr'><strong><em>κοιλ</em></strong></span> <span class='ocrx_word' id='word_1_270' title='bbox 668 3130 744 3186; x_wconf 76' lang='lat' dir='ltr'><strong><em>ARV</em></strong></span> <span class='ocrx_word' id='word_1_271' title='bbox 756 3131 805 3185; x_wconf 88' lang='grc' dir='ltr'><strong><em>καλ</em></strong></span> <span class='ocrx_word' id='word_1_272' title='bbox 819 3147 868 3185; x_wconf 81' lang='lat' dir='ltr'><strong><em>om.</em></strong></span> <span class='ocrx_word' id='word_1_273' title='bbox 879 3130 939 3185; x_wconf 79' lang='lat' dir='ltr'>roll.</span> <span class='ocrx_word' id='word_1_274' title='bbox 949 3162 984 3172; x_wconf 94' lang='lat'><strong>—</strong></span> <span class='ocrx_word' id='word_1_275' title='bbox 994 3137 1029 3186; x_wconf 79' lang='grc'><strong><em>22</em></strong></span> <span class='ocrx_word' id='word_1_276' title='bbox 1042 3130 1119 3203; x_wconf 82' lang='grc' dir='ltr'><strong><em>πάση</em></strong></span> 
     </span>
     <span class='ocr_line' id='line_1_32' title="bbox 109 3200 1120 3273; baseline 0.003 -18"><span class='ocrx_word' id='word_1_277' title='bbox 109 3201 187 3267; x_wconf 83' lang='grc' dir='ltr'><strong><em>(πᾶσι</em></strong></span> <span class='ocrx_word' id='word_1_278' title='bbox 200 3201 240 3272; x_wconf 88' lang='grc' dir='ltr'><strong><em>Μ)</em></strong></span> <span class='ocrx_word' id='word_1_279' title='bbox 258 3200 355 3258; x_wconf 83' lang='grc' dir='ltr'><strong><em>τοίνυν</em></strong></span> <span class='ocrx_word' id='word_1_280' title='bbox 365 3205 426 3272; x_wconf 80' lang='grc' dir='ltr'><strong><em>(ονε.</em></strong></span> <span class='ocrx_word' id='word_1_281' title='bbox 436 3202 467 3272; x_wconf 77' lang='lat' dir='ltr'><strong><em>F)</em></strong></span> <span class='ocrx_word' id='word_1_282' title='bbox 487 3203 570 3273; x_wconf 82' lang='grc' dir='ltr'><strong><em>ἀρετή</em></strong></span> <span class='ocrx_word' id='word_1_283' title='bbox 580 3202 679 3257; x_wconf 78' lang='lat' dir='ltr'>FLNV</span> <span class='ocrx_word' id='word_1_284' title='bbox 688 3202 753 3257; x_wconf 79' lang='lat' dir='ltr'>Exo.</span> <span class='ocrx_word' id='word_1_285' title='bbox 769 3201 805 3256; x_wconf 85' lang='lat' dir='ltr'><strong><em>de</em></strong></span> <span class='ocrx_word' id='word_1_286' title='bbox 818 3203 880 3256; x_wconf 70' lang='lat' dir='ltr'><strong>virt.</strong></span> <span class='ocrx_word' id='word_1_287' title='bbox 899 3201 1004 3267; x_wconf 81' lang='grc' dir='ltr'><strong><em>πόσαις</em></strong></span> <span class='ocrx_word' id='word_1_288' title='bbox 1016 3224 1039 3258; x_wconf 92' lang='grc' dir='ltr'><strong><em>τ.</em></strong></span> <span class='ocrx_word' id='word_1_289' title='bbox 1055 3204 1120 3271; x_wconf 83' lang='grc' dir='ltr'><strong><em>ἀρε-</em></strong></span> 
     </span>
    </p>
   </div>
   <div class='ocr_carea' id='block_1_5' title="bbox 106 3273 215 3334">
    <p class='ocr_par' dir='ltr' id='par_1_10' title="bbox 106 3273 215 3334">
     <span class='ocr_line' id='line_1_33' title="bbox 106 3273 215 3334; baseline 0.018 -10"><span class='ocrx_word' id='word_1_290' title='bbox 106 3281 167 3334; x_wconf 77' lang='grc' dir='ltr'><strong><em>ταῖς</em></strong></span> <span class='ocrx_word' id='word_1_291' title='bbox 183 3273 215 3326; x_wconf 91' lang='grc' dir='ltr'><strong><em>Β.</em></strong></span> 
     </span>
    </p>
   </div>
   <div class='ocr_carea' id='block_1_6' title="bbox 107 3397 1129 3686">
    <p class='ocr_par' dir='ltr' id='par_1_11' title="bbox 107 3397 1129 3686">
     <span class='ocr_line' id='line_1_34' title="bbox 180 3397 1119 3469; baseline 0.003 -18"><span class='ocrx_word' id='word_1_292' title='bbox 180 3404 194 3451; x_wconf 94' lang='lat'>1</span> <span class='ocrx_word' id='word_1_293' title='bbox 210 3397 240 3452; x_wconf 84' lang='grc' dir='ltr'><strong><em>αλ</em></strong></span> <span class='ocrx_word' id='word_1_294' title='bbox 253 3400 357 3469; x_wconf 81' lang='grc' dir='ltr'><strong><em>χαλκαῖ</em></strong></span> <span class='ocrx_word' id='word_1_295' title='bbox 369 3398 424 3468; x_wconf 71' lang='lat' dir='ltr'><em>(sed</em></span> <span class='ocrx_word' id='word_1_296' title='bbox 438 3399 519 3455; x_wconf 63' lang='lat' dir='ltr'><strong><em>etiam</em></strong></span> <span class='ocrx_word' id='word_1_297' title='bbox 533 3405 615 3454; x_wconf 76' lang='lat' dir='ltr'><strong><em>antea</em></strong></span> <span class='ocrx_word' id='word_1_298' title='bbox 628 3397 660 3453; x_wconf 86' lang='grc' dir='ltr'><strong><em>αλ</em></strong></span> <span class='ocrx_word' id='word_1_299' title='bbox 672 3400 751 3467; x_wconf 69' lang='lat' dir='ltr'><strong><em>inest)</em></strong></span> <span class='ocrx_word' id='word_1_300' title='bbox 761 3397 790 3452; x_wconf 89' lang='lat' dir='ltr'><strong><em>P.</em></strong></span> <span class='ocrx_word' id='word_1_301' title='bbox 804 3429 837 3438; x_wconf 93' lang='lat'>-</span> <span class='ocrx_word' id='word_1_302' title='bbox 853 3404 869 3451; x_wconf 82' lang='grc' dir='ltr'>ὅ</span> <span class='ocrx_word' id='word_1_303' title='bbox 883 3399 972 3453; x_wconf 83' lang='grc' dir='ltr'><strong><em>αύτοῦ</em></strong></span> <span class='ocrx_word' id='word_1_304' title='bbox 983 3415 1034 3454; x_wconf 88' lang='lat' dir='ltr'><strong><em>om.</em></strong></span> <span class='ocrx_word' id='word_1_305' title='bbox 1044 3400 1073 3453; x_wconf 90' lang='lat' dir='ltr'><strong><em>P.</em></strong></span> <span class='ocrx_word' id='word_1_306' title='bbox 1084 3431 1119 3440; x_wconf 89' lang='lat'>-</span> 
     </span>
     <span class='ocr_line' id='line_1_35' title="bbox 109 3467 1119 3539; baseline 0.001 -16"><span class='ocrx_word' id='word_1_307' title='bbox 109 3472 124 3519; x_wconf 80' lang='grc'><strong>6</strong></span> <span class='ocrx_word' id='word_1_308' title='bbox 137 3469 265 3539; x_wconf 83' lang='grc' dir='ltr'><strong><em>γαμπρὸν</em></strong></span> <span class='ocrx_word' id='word_1_309' title='bbox 272 3470 302 3524; x_wconf 93' lang='grc' dir='ltr'><strong><em>Ρ.</em></strong></span> <span class='ocrx_word' id='word_1_310' title='bbox 311 3501 345 3510; x_wconf 93' lang='grc'><strong>-</strong></span> <span class='ocrx_word' id='word_1_311' title='bbox 355 3470 441 3524; x_wconf 80' lang='grc' dir='ltr'><strong><em>αὐτοῦ</em></strong></span> <span class='ocrx_word' id='word_1_312' title='bbox 452 3487 502 3525; x_wconf 84' lang='lat' dir='ltr'><strong><em>om.</em></strong></span> <span class='ocrx_word' id='word_1_313' title='bbox 512 3469 542 3524; x_wconf 92' lang='lat' dir='ltr'><strong><em>P.</em></strong></span> <span class='ocrx_word' id='word_1_314' title='bbox 552 3501 585 3510; x_wconf 97' lang='lat'>-</span> <span class='ocrx_word' id='word_1_315' title='bbox 595 3475 627 3524; x_wconf 92' lang='grc'><strong><em>12</em></strong></span> <span class='ocrx_word' id='word_1_316' title='bbox 638 3471 686 3524; x_wconf 88' lang='grc' dir='ltr'><strong><em>καλ</em></strong></span> <span class='ocrx_word' id='word_1_317' title='bbox 695 3468 780 3524; x_wconf 78' lang='grc' dir='ltr'><strong><em>πάλιν</em></strong></span> <span class='ocrx_word' id='word_1_318' title='bbox 790 3467 959 3539; x_wconf 82' lang='grc' dir='ltr'><strong><em>νεωτερίζειν</em></strong></span> <span class='ocrx_word' id='word_1_319' title='bbox 968 3471 1017 3524; x_wconf 86' lang='grc' dir='ltr'><strong><em>καλ</em></strong></span> <span class='ocrx_word' id='word_1_320' title='bbox 1028 3468 1119 3524; x_wconf 83' lang='grc' dir='ltr'><strong><em>όπλων</em></strong></span> 
     </span>
     <span class='ocr_line' id='line_1_36' title="bbox 108 3537 1129 3609; baseline 0.002 -17"><span class='ocrx_word' id='word_1_321' title='bbox 108 3537 249 3596; x_wconf 74' lang='grc' dir='ltr'><strong><em>ἅπτεσθαι</em></strong></span> <span class='ocrx_word' id='word_1_322' title='bbox 267 3539 400 3609; x_wconf 87' lang='grc' dir='ltr'><strong><em>μέλλοντα</em></strong></span> <span class='ocrx_word' id='word_1_323' title='bbox 418 3539 588 3608; x_wconf 80' lang='grc' dir='ltr'><strong><em>προσέταξεν</em></strong></span> <span class='ocrx_word' id='word_1_324' title='bbox 606 3541 796 3609; x_wconf 77' lang='grc' dir='ltr'><strong><em>ἀναιρεθῆναι</em></strong></span> <span class='ocrx_word' id='word_1_325' title='bbox 811 3540 833 3594; x_wconf 92' lang='grc' dir='ltr'>Ρ</span> <span class='ocrx_word' id='word_1_326' title='bbox 844 3539 932 3594; x_wconf 67' lang='lat' dir='ltr'><strong><em>Gran</em></strong></span> <span class='ocrx_word' id='word_1_327' title='bbox 957 3573 991 3582; x_wconf 90' lang='lat'><em>-</em></span> <span class='ocrx_word' id='word_1_328' title='bbox 1017 3546 1051 3594; x_wconf 92' lang='grc'><strong><em>20</em></strong></span> <span class='ocrx_word' id='word_1_329' title='bbox 1069 3542 1129 3608; x_wconf 71' lang='grc' dir='ltr'><strong><em>κοιλΙ</em></strong></span> 
     </span>
     <span class='ocr_line' id='line_1_37' title="bbox 107 3609 1118 3686; baseline 0.002 -24"><span class='ocrx_word' id='word_1_330' title='bbox 107 3609 289 3678; x_wconf 83' lang='grc' dir='ltr'><strong><em>τελευτήσασα</em></strong></span> <span class='ocrx_word' id='word_1_331' title='bbox 309 3610 377 3666; x_wconf 80' lang='grc' dir='ltr'><strong><em>ἑτῶν</em></strong></span> <span class='ocrx_word' id='word_1_332' title='bbox 395 3611 428 3666; x_wconf 85' lang='grc' dir='ltr'><strong><em>π’</em></strong></span> <span class='ocrx_word' id='word_1_333' title='bbox 439 3611 529 3682; x_wconf 78' lang='grc' dir='ltr'><strong><em>ἐτάφη</em></strong></span> <span class='ocrx_word' id='word_1_334' title='bbox 550 3612 580 3667; x_wconf 80' lang='grc' dir='ltr'><strong><em>ἐν</em></strong></span> <span class='ocrx_word' id='word_1_335' title='bbox 593 3616 631 3686; x_wconf 75' lang='grc' dir='ltr'><strong><em>τῷ</em></strong></span> <span class='ocrx_word' id='word_1_336' title='bbox 640 3615 701 3685; x_wconf 78' lang='grc' dir='ltr'><strong><em>ναῷ</em></strong></span> <span class='ocrx_word' id='word_1_337' title='bbox 712 3620 768 3666; x_wconf 82' lang='grc' dir='ltr'><strong><em>τῶν</em></strong></span> <span class='ocrx_word' id='word_1_338' title='bbox 784 3609 947 3667; x_wconf 87' lang='grc' dir='ltr'><strong><em>ἀποστόλων</em></strong></span> <span class='ocrx_word' id='word_1_339' title='bbox 962 3609 1118 3681; x_wconf 74' lang='lat' dir='ltr'><strong>PTheoph.</strong></span> 
     </span>
    </p>
   </div>
   <div class='ocr_carea' id='block_1_7' title="bbox 0 0 1317 3909">
    <p class='ocr_par' dir='ltr' id='par_1_12' title="bbox 0 0 1317 3909">
     <span class='ocr_line' id='line_1_38' title="bbox 0 0 1317 3909; baseline 0 0"><span class='ocrx_word' id='word_1_340' title='bbox 0 0 1317 3909; x_wconf 95' lang='lat' dir='ltr'><strong><em> </em></strong></span> 
     </span>
    </p>
   </div>
  </div>
 </body>
</html>
