2617 3909
172 192 239 257 572
484 194 671 246 rnnpmon
688 195 872 246 nomon

172 340 226 421 μὲν
249 345 412 423 φοβηθῶσι
438 341 490 403 τδυ
513 341 587 403 θεὸν
613 340 665 403 καὶ
692 340 724 402 ἐν
751 348 791 425 τῷ
812 342 892 428 νόμφ
920 337 1014 404 αύτοῶ
1039 343 1193 421 θελήσασι

170 441 352 521 πορεύεσθαι
373 438 424 501 καί
442 439 605 516 φυλάσσειν
625 437 677 511 τδις
695 438 815 513 ἐντολὰς
837 433 940 519 αύτοῶ,
964 439 1091 513 δυνατόςΙ
1109 440 1191 503 ἐστιν

170 537 402 619 δπαμβασιλεδς
420 547 479 599 τῶν
493 537 622 615 αἰώνων,
640 537 721 618 εἴπερ
740 536 858 617 θέλημα
876 531 970 599 αύτού
985 537 1074 618 ἐστιν,
1093 560 1190 620 παρα-

170 642 249 717 σχεῖν
273 632 373 710 αύτοῖς
396 636 450 715 την
473 634 560 707 ἀξίαν
582 634 703 713 ταύτην.
746 635 774 696 εί
791 633 823 696 δέ
846 634 888 714 μὴ
911 635 997 716 ἔχωσι
1019 635 1071 696 τὸν
1090 637 1191 717 φόβον

143 730 277 812 ταύτοῦ,
308 731 431 814 εύχομαι
457 739 496 816 τῷ
520 738 582 816 θεῷ
611 737 723 811 μᾶλλον
754 731 955 813 ἐκριζωθῆναι
986 728 1096 807 αύτούς
1128 733 1189 797 ἀπὸ

169 830 326 910 νηπιόθεν.
366 836 502 912 κρεῖσσον
524 829 580 911 γάρ
603 829 664 891 ἐστι
685 829 718 890 τὸ
741 831 885 891 τεθνάναι
906 826 1035 911 εὐσεβῶς
1057 829 1078 911 ἢ
1102 833 1188 911 βασι-

168 928 264 989 λεύειν
291 927 411 1008 ἀσεβῶς.
457 926 507 989 καί
534 936 625 988 ταῦτα
652 926 746 988 είπῶν
774 923 790 986 δ
817 928 955 1007 βασιλεὺς
984 928 1123 1007 εἰσῆλθεν
1153 928 1187 991 ἐν
1264 984 1268 988 .

168 1032 208 1109 τῷ
227 1036 346 1087 κοιτῶνι
368 1021 469 1087 αὐτοῦ.
510 1025 605 1087 ἐκτοτε
628 1017 685 1086 οὖν
708 1022 724 1083 δ
745 1018 892 1105 Ἀρσένιος
915 1024 1110 1106 ὑφορώμενος
1132 1026 1186 1088 τὸν

168 1122 288 1203 βασιλέα
309 1118 406 1186 ούκέτι
426 1122 518 1185 ἐποίει
535 1116 645 1195 αύτούς
663 1128 865 1203 καθεσθῆναι,
888 1121 961 1184 ἀλλὰ
979 1128 1091 1201 μᾶλλον
1109 1146 1185 1206 παρ-

128 1241 154 1281 10
168 1222 307 1282 ίστασθαι
334 1217 413 1305 αύτῷ
441 1220 491 1281 καὶ
523 1220 731 1300 ἐκμανθάνειν.
777 1219 810 1282 ἐν
839 1220 955 1293 τούτοις
986 1214 1042 1282 ούν
1073 1222 1186 1303 διάγων

168 1317 184 1380 δ
210 1316 387 1400 ἡγιασμένος
411 1314 559 1399 Ἀρσένιος
585 1319 667 1378 πάνυ
694 1317 854 1398 ἐδυσφόρει
881 1317 931 1379 καῖ
957 1317 1100 1380 ἐλυπεῖτο.
1145 1311 1185 1399 ἦν

167 1415 222 1497 γάρ
241 1416 396 1495 μισόδοξος
414 1415 464 1477 καὶ
482 1415 626 1493 φιλόθεος
643 1414 694 1476 καῖ
708 1415 850 1494 ἐπεθύμει
869 1420 980 1493 μᾶλλον
998 1416 1050 1478 τὸν
1064 1416 1183 1499 μονήρη

167 1512 217 1573 καὶ
234 1510 359 1594 ἡσύχιον
378 1518 528 1591 μετελθεῖν
547 1514 625 1592 βίον,
649 1513 721 1573 ὥστε
744 1518 927 1593 παρακαλεῖν
949 1514 1001 1575 τὸν
1022 1513 1096 1575 θεὸν
1115 1533 1185 1595 συχ-

167 1618 226 1681 νῶς
254 1609 324 1689 μετὰ
352 1609 490 1689 δακρύων
519 1619 643 1688 ποιῆσαι
676 1610 787 1691 τρόπον
814 1620 867 1671 τοῦ
894 1610 1006 1671 ίδιάσαι
1033 1610 1125 1673 αὐτὸν
1152 1612 1186 1673 ἐκ

127 1727 153 1768 ιο
166 1714 220 1766 τοῦ
242 1706 363 1785 κόσμου.

231 1799 283 1864 Ἐν
302 1810 355 1888 μιᾷ
373 1796 429 1865 ούν
443 1813 502 1865 τῶν
516 1801 635 1886 ἡμερῶν
654 1804 750 1886 εύρδιν
768 1804 785 1867 δ
799 1804 832 1867 ἐν
850 1803 947 1886 ἁγίοις
960 1806 1012 1867 τὸν
1025 1799 1184 1887 Ἀρκάδιον

166 1902 373 1983 παραπεσόντα
400 1902 442 1975 εἰς
464 1902 604 1963 παιδικὸν
627 1909 758 1982 πταῖσμα
781 1901 901 1983 ἐνέγκας
925 1902 975 1963 καὶ
1001 1902 1183 1984 ἐμβριμησά-

167 2023 254 2079 μενος
286 2001 456 2079 ἐπιτίθησιν
487 2000 567 2084 αύτεβ
600 2000 719 2081 πληγὴν
752 1999 854 2079 δεινὴν
887 1998 959 2061 ὥστε
990 2000 1095 2079 σχεδὸν
1127 1999 1184 2075 ἕως

166 2101 301 2161 θανάτου
330 2099 400 2171 τοὺς
427 2099 540 2172 τύπους
571 2108 631 2160 τῶν
658 2104 780 2179 πληγῶν
813 2095 915 2177 φέρειν
946 2096 979 2158 ἐν
1007 2103 1046 2180 τῷ
1071 2098 1183 2177 σώματι

125 2217 151 2257 οο
165 2196 266 2258 αὐτοῦ.
312 2197 328 2260 δ
356 2190 412 2258 οὖν
436 2190 605 2278 Ἀρκάδιος,
638 2189 695 2273 ἀφ’
723 2188 761 2275 ἧς
787 2192 899 2274 ἡμέρας
929 2193 1036 2276 ἐδάρη,
1068 2194 1183 2274 ἔμεινεν

164 2295 238 2375 ἔχων
265 2295 338 2356 κατὰ
358 2291 509 2377 Ἀρσενίου
538 2295 645 2355 κακίαν
673 2293 803 2371 πολλόν,
830 2290 880 2352 καῖ
908 2293 1181 2372 προσκαλεσάμενος

164 2393 215 2453 τὸν
238 2393 408 2473 σπαθάριον
431 2392 523 2452 αὐτοῦ
546 2390 691 2472 ἐπιτρέπει
714 2390 793 2473 αύτῷ
810 2382 874 2449 κατ’
897 2389 977 2450 ίδίαν
996 2388 1101 2471 λέγων·
1126 2390 1180 2474 οῖφ

163 2488 261 2571 τρόπῳ
280 2488 377 2561 θέλεις
394 2487 570 2565 ἀπόκτεινόν
589 2511 639 2566 μοι
657 2488 709 2549 τὸν
721 2482 871 2567 Ἀρσένιον
885 2487 1013 2566 μηδενὸς
1027 2497 1179 2561 νοοῦντος.

64 2606 103 2644 ιιι
118 2583 180 2646 Μ.δ
206 2578 261 2646 οὖν
289 2586 456 2667 σπαθάριος
482 2584 612 2659 ἀκούσας
644 2584 699 2663 τὴν
727 2582 1038 2663 ἐλεεινηνάπόφασιν
1067 2585 1179 2663 ταύτην

124 2702 149 2742 ιε
164 2681 214 2742 καῖ
236 2681 288 2743 τὸν
308 2684 406 2762 φόβον
424 2692 476 2743 τοῦ
495 2688 570 2743 θεοῦ
594 2682 625 2743 ἐν
644 2684 751 2767 καρδίη
772 2682 845 2763 ἔχων
864 2687 977 2763 θαρρεῖ
989 2688 1029 2765 τῷ
1041 2677 1180 2767 Ἀρσενίφ

163 2779 218 2858 τὴν
251 2778 413 2859 μιαιφόνον
443 2788 496 2840 τοῦ
524 2775 680 2860 Ἀρκαδίαν
713 2779 883 2862 ἐπιτροπήν.
929 2778 945 2841 δ
974 2777 1006 2840 δὲ
1031 2776 1179 2860 Ἀρσένιος

163 2877 242 2962 λύπη
270 2900 299 2938 τε
330 2876 381 2938 καί
409 2877 494 2963 φόβφ
522 2875 677 2956 συσχεθεὶς
705 2878 861 2958 παρεκάλει
893 2876 943 2938 τὸν
971 2877 1046 2938 θεὸν
1073 2876 1178 2959 λέγων·

162 2976 245 3056 κύριε
273 2973 423 3057 δδήγησόν
451 2998 499 3055 με,
533 2984 596 3047 πῶς
629 2980 735 3052 σωθῶ;
770 2973 820 3035 καὶ
853 2978 1030 3054 μετεμελεῑτο
1061 2972 1109 3036 ἐπί
1141 2983 1177 3058 τῇ

162 3078 260 3154 πληγῇ
292 3062 312 3160 ᾗ
342 3066 381 3153 ἦν
412 3074 510 3151 τύψας
541 3071 593 3133 τὸν
617 3068 781 3154 Ἀρκάδων.
828 3066 890 3134 εἶτα
922 3070 1030 3153 ὀλίγων
1059 3069 1178 3152 ἡμερῶν

233 3278 362 3349 4ίχουσι
376 3280 490 3333 ΒΜ.-
457 3280 644 3351 -5αύτοῦ]
663 3289 713 3334 τοῦ
732 3283 804 3334 θεοῦ
818 3280 922 3333 AR-
942 3279 1071 3348 ὃάπονη
1073 3276 1177 3333 πιόθεν

161 3349 258 3403 AMet
247 3355 345 3403 t.recc
360 3350 488 3404 nonnulli
511 3351 568 3405 ἀπὸ
588 3352 734 3420 νηπιάθεν
754 3353 856 3420 (-ῶθεν
871 3350 902 3420 0)
922 3348 1032 3403 OF.—
1037 3300 1177 3442 aegrota

160 3423 282 3474 καθεσθ.
302 3422 446 3484 «nonen
470 3422 573 3484 αύτούς
588 3372 685 3475 ἐποίει
703 3426 771 3475 καθ.
792 3421 883 3474 R.-
909 3427 942 3474 10
961 3422 1049 3494 αὐτῷ]
1073 3420 1176 3482 αύτους

160 3490 275 3545 BC—
301 3497 334 3544 17
353 3489 580 3559 περιπεσόνταΒ
609 3492 780 3547 ἐπιπεσόντα
804 3492 895 3545 1).-
925 3492 962 3561 μὴ
985 3476 1117 3561 ἐνέγκαςλ
1140 3522 1176 3531 -

161 3568 194 3615 22
216 3562 317 3617 ἑαυτοῦ
335 3562 475 3617 DEV—
496 3570 530 3617 23
549 3564 735 3632 γινώσκοντος
753 3563 808 3617 PV.
