2617 3909
178 220 244 283 554
491 222 679 274 Γωανντου
696 223 880 274 Momm

178 369 356 449 ἐπανῆλθεν.
401 367 435 442 δς
459 369 528 448 μετὰ
551 379 641 430 ταῦτα
669 369 726 430 σύν
752 370 833 455 πόση
860 379 896 454 τῇ
920 371 999 455 οἰκίηι
1027 371 1121 431 αὐτοῦ
1145 371 1203 433 ἕπ-

178 468 315 530 ανελθδνν
337 468 411 549 πρὸς
434 468 485 529 τὸν
508 466 631 549 γέροντα
654 467 704 528 καὶ
726 475 766 550 τῷ
787 474 849 552 θεῷ
870 470 956 550 χάριν
979 467 1122 548 ὡμολόγει
1146 469 1202 529 καί

178 568 209 629 τὸ
233 577 353 648 πρᾶγμα
381 565 421 640 ὣς
443 565 555 648 ἐγένετο
579 564 848 645 ἀπεμνημόνευσεν.
896 566 911 628 ὁ
936 566 1026 639 αύτὸς
1051 565 1083 628 δὲ
1107 560 1202 640 οὗτος

179 665 339 744 Μακάριος
372 664 517 742 σπήλαιον
548 658 624 744 εἶχεν
655 663 764 742 ὑαίνης
794 665 957 746 γειτνιάζον
988 670 1027 748 τῷ
1057 665 1200 744 οἰκήματι

152 762 279 823 ταύτοῦ.
321 763 353 824 ἕν
371 785 429 822 τινι
449 759 480 822 δὲ
499 759 593 847 ἡμέρῳ
611 762 682 834 τούς
700 763 848 835 σκύλακας
866 762 959 841 αὐτῆς
976 763 1109 840 τυφλούς
1126 786 1200 844 τυγ-

179 861 322 940 χάνοντας
349 859 513 940 ἀπήνεγκεν
541 859 620 944 αύτῷ
643 860 676 921 τδ
704 861 816 941 θηρίον
842 860 892 920 καί
918 861 976 942 πρὸ
1004 870 1064 920 τῶν
1090 862 1199 921 ποδῶν

179 957 271 1018 αὐτοῦ
295 957 413 1036 ἔθηκεν.
455 957 567 1036 νοήσας
590 956 622 1018 δὲ
645 957 758 1032 ἐκεῖνος
782 959 826 1020 ὅτι
849 957 915 1040 περί
938 968 992 1038 τῆς
1013 959 1199 1037 τυφλότητος
1300 1022 1301 1031 ,

179 1066 238 1118 τῶν
265 1056 419 1117 σκυλάκιον
447 1057 479 1118 τὸ
502 1058 613 1138 θηρίον
638 1058 808 1138 παρεκάλει,
835 1054 942 1135 ἠξίωσε
969 1057 1021 1118 τὸν
1049 1057 1198 1135 δεσπότην

179 1154 263 1233 θεόν,
286 1154 336 1215 ἴνα
358 1153 413 1232 τὴν
431 1153 506 1215 θίαν
530 1153 630 1226 αὐτοῖς
653 1153 760 1238 ἀποδῷ
801 1153 1005 1232 ἀποδοθείσης
1028 1153 1060 1216 δὲ
1082 1154 1196 1232 αύτοῑς,
1300 1168 1301 1175 ’

140 1276 166 1316 10
180 1251 354 1332 ἐπανῆλθον
380 1251 617 1325 ἀκολουθοῦντες
643 1251 692 1314 ἕπί
720 1251 752 1312 τὸ
782 1252 928 1330 σπήλαιον
956 1262 991 1337 τῇ
1015 1255 1118 1333 μητρί,
1145 1251 1197 1312 καί
1300 1294 1301 1301 1

180 1346 240 1432 μετ’
262 1349 362 1432 ὀλίγον
390 1351 465 1428 αύτη
497 1349 566 1428 μετά
596 1360 655 1411 τῶν
684 1350 769 1411 ἰδίων
799 1351 954 1411 σκυλάκων
983 1349 1198 1432 ὑποστρέψασα

180 1449 270 1532 δορὰς
297 1449 454 1530 προβάτων
482 1448 522 1510 ἔτι
550 1449 582 1510 τὸ
606 1448 686 1530 ἔριον
711 1448 834 1528 ἐχούσας
862 1446 967 1508 ὡσανεὶ
996 1448 1093 1528 δῶρον
1121 1447 1197 1529 ὑπὲρ

180 1558 232 1626 τῆς
255 1548 297 1619 εἰς
320 1546 429 1618 αύτούς
452 1546 567 1626 χάριτος
590 1545 724 1626 ἀπήγαγε
746 1553 785 1630 τῳ
800 1545 915 1628 γέροντι
937 1552 998 1618 τοῖς
1017 1543 1121 1606 όδοῦσι
1144 1545 1198 1619 τάς

181 1644 272 1725 δοράς
293 1644 491 1724 βαστάζουσα,
520 1643 570 1703 καί
593 1644 701 1716 ταύτας
728 1645 785 1724 πρὸ
808 1654 867 1704 τῶν
890 1650 995 1724 θυρῶν
1022 1642 1199 1723 ἀποθεμένη

142 1762 167 1803 15
182 1741 374 1822 ἀνεχώρησεν.
426 1741 549 1814 τούτους
585 1741 654 1814 τούς
686 1743 791 1814 θείους
825 1741 951 1822 πατέρας
985 1742 1119 1814 Λούκιος
1155 1743 1200 1814 εἰς

181 1850 275 1920 νῆσον
307 1848 365 1901 τῶν
398 1848 450 1918 τῆς
482 1839 638 1920 Αἰγύπτου
670 1845 783 1917 λιμνῶν
815 1839 948 1920 ἐξορίζει,
984 1840 1061 1900 ἔνθα
1097 1839 1200 1913 ούδείς
1300 1896 1301 1899 ,

181 1947 355 2020 χριστιανῶν
386 1943 522 1999 κατοικεί
572 1947 625 1998 τοῦ
658 1935 690 1998 δὲ
719 1938 825 1998 πλοίου
856 1947 891 2022 τῇ
922 1939 1004 2020 νήσῳ
1037 1938 1107 2016 μετά
1137 1948 1199 1999 τῶν
1300 1938 1301 1989 Ῐ

182 2047 319 2118 μοναχῶν
342 2037 600 2118 προσεγγίσαντος,
626 2033 646 2114 ἡ
670 2036 807 2117 θυγάτηρ
830 2044 883 2096 τοῦ
907 2035 1006 2117 ίερίως
1028 2044 1088 2096 τῶν
1111 2037 1196 2097 εἰδώ-

82 2156 167 2198 457M.
181 2141 241 2198 λων
266 2145 319 2215 τῆς
341 2136 437 2216 χώρας
464 2133 577 2213 ἐκείνης
604 2132 663 2194 ὑπὸ
688 2134 829 2211 δαίμονος
856 2132 1037 2212 ἐλαυνομένη
1062 2129 1102 2194 δι’
1128 2133 1196 2195 ἀνί-

142 2255 167 2295 οο
182 2259 247 2315 μων
269 2231 455 2315 ἀρπαζομίνη
479 2233 588 2313 ἔρχεται
612 2231 667 2305 ἕως
689 2241 742 2293 τοῦ
764 2232 870 2292 πλοίου
896 2241 956 2293 τῶν
979 2230 1070 2313 ἀγίων
1093 2232 1195 2314 γερόν-

181 2356 240 2394 των
258 2332 406 2412 κράζουσα
424 2332 510 2411 βοαῖς
528 2329 663 2404 ἀτάκτοις
686 2324 735 2391 οἷα
759 2331 937 2410 δαιμονῶσα.
975 2329 1196 2409 ἐπιτιμήσαντες

182 2427 213 2490 δὲ
245 2436 284 2511 τῷ
314 2429 458 2507 πνεύματι
490 2435 529 2512 τῷ
557 2427 717 2514 ἀκαθάρτῳ
744 2429 799 2508 τὴν
827 2426 881 2506 μὲν
912 2430 1005 2490 παῖδα
1035 2428 1106 2510 ύγιη
1135 2435 1197 2502 τοῖς

182 2535 319 2607 γονεῦσιν
344 2523 516 2605 ἀπέδωκαν,
544 2525 613 2598 τοὺς
634 2523 669 2586 δὲ
691 2525 744 2586 τὸν
765 2525 858 2586 τόπον
885 2525 1040 2598 οἰκοῦντας
1069 2542 1197 2606 χριστια-

183 2623 256 2695 νούς
284 2623 397 2695 πάντας
420 2621 552 2703 θερμούς
574 2622 624 2682 καί
648 2623 813 2705 διαπύρους
835 2623 986 2702 ἐποίησαν.
1031 2633 1117 2684 τοῦτο
1141 2649 1196 2703 μα-

143 2743 168 2782 25
183 2719 250 2781 θὼν
272 2721 405 2793 Λούκιος
434 2718 484 2780 καί
512 2719 661 2800 φοβηθείς
688 2721 728 2800 μὴ
757 2722 870 2794 πάντας
897 2719 1081 2800 όρθοδόξονς
1108 2723 1194 2800 ποιη-

184 2836 285 2899 σωσιν,
311 2820 408 2898 λάθρα
432 2817 540 2891 αὐτούς
564 2817 738 2879 ἐπανελθεῖν
760 2819 835 2901 πρὸς
857 2818 908 2890 τὰς
931 2819 1008 2892 ἰδίας
1031 2819 1143 2898 σκηνάς
1163 2821 1197 2882 ἰν

183 2927 217 3002 τῇ
241 2917 339 3002 ἐρήμῳ
363 2916 508 2996 ἐποίησεν.

257 3183 270 3230 1
295 3179 348 3240 σύμ
373 3178 449 3250 πάση
470 3179 492 3231 Β
519 3177 650 3249 συμπάσῃ
671 3179 756 3231 L.-
783 3178 947 3233 ἐπανελθὼν
967 3197 1013 3244 πρ.
1035 3197 1057 3231 τ.
1080 3176 1194 3246 γέροντα

184 3249 232 3302 καί
255 3265 305 3302 om
323 3247 435 3302 OL-
460 3255 475 3301 3
499 3233 744 3319 ἀπεμνημόνευσεν
762 3249 840 3302 ABR
863 3249 1010 3318 (indicavit
1027 3249 1143 3318 Rufff)
1129 3269 1193 3304 απε-

184 3317 492 3410 pynudvsvsvrellae-
515 3319 1102 3390 416ωθωσθΒιτί.-γειτνιάζωνΑΟΕΙι
1126 3340 1193 3390 γ-ειτ

185 3387 253 3444 νίων
276 3390 372 3442 R.—
400 3397 415 3444 5
438 3391 628 3460 τυγχάνοντας
650 3390 699 3443 ΑΒ
727 3391 810 3452 ὄντας
822 3341 854 3444 yF
878 3392 954 3460 ύπάρ
940 3411 1057 3484 ρχογτας
1078 3391 1137 3446 rell.
1161 3425 1192 3432 —

185 3461 295 3530 6αύτῷ
313 3478 363 3515 om
379 3461 487 3514 LR.—
508 3463 706 3530 λτνφλίοσεως
723 3462 857 3515 FRV—
878 3469 910 3515 17
930 3465 1049 3517 κατάντει
1064 3463 1142 3516 FLV.
1162 3495 1191 3502 —

186 3537 219 3584 22
247 3536 285 3604 τῷ
309 3532 445 3598 πνεύματι
473 3537 510 3604 τῷ
537 3532 691 3604 ἀκαθάρτῳ
718 3550 768 3587 om.
791 3534 815 3586 A
850 3539 888 3605 τῷ
916 3534 1070 3607 ἀκαθάρτῳ
1098 3551 1146 3587 ουτ.
1171 3535 1191 3586 Β

186 3589 297 3671 (error'is
316 3603 431 3671 spiritus
450 3587 533 3672 Ru‘f).
