2617 3909
526 231 724 286 XPONIKON
1064 232 1128 295 775
1219 261 1221 266 ,

90 381 199 464 ἡμᾶς,
233 384 272 444 οὐ
294 382 462 464 προσήκατο
487 387 637 455 παντελῶς
659 391 711 462 τῆς
734 374 918 464 εἰρήνης’τδι
937 381 1055 463 βήματα
1080 381 1130 442 διὰ

90 481 224 562 πολλὴν
250 481 422 560 ἀπληστίαν.
464 475 514 558 ἐφ’
536 475 582 553 οἷς
603 481 771 561 χαλεπήνας
794 477 809 540 δ
832 480 982 562 βάρβαρος
1005 479 1056 552 τὰς
1078 489 1130 558 τῆς

91 582 203 662 χώρας
240 580 377 652 εἰσόδους
414 577 464 640 καὶ
499 578 621 652 έξόδονς
652 577 929 660 περιπεφραγμένας
962 575 1130 659 ὀχυρώμασι

93 681 244 754 ξυλίνοις
266 676 388 756 πέμψας
415 678 669 756 κατησφαλίσατο,
697 676 747 737 καί
776 663 845 755 μεθ’
869 674 980 758 ήμέρας
1003 672 1039 756 β”
1060 692 1131 736 συν-

93 779 260 857 αθροίσας
282 775 355 837 λαὸν
378 773 501 856 ἀπειρου
528 773 578 835 καὶ
606 774 680 835 κατὰ
703 785 756 854 τῆς
778 784 830 836 τοῦ
854 773 995 855 βασιλέως
1018 783 1131 853 σκηνῆς
1158 795 1171 834 τ

94 874 250 938 ἐπελθὼν
277 873 397 953 ἀναιρεῖ
419 883 524 934 τοῦτον
551 872 601 933 καὶ
627 874 741 948 πάντας
766 873 836 946 τοῦς
863 873 919 934 σὺν
947 873 1026 957 αὐτῷ
1052 895 1131 953 μεγι-

95 974 220 1048 στάνας
250 971 301 1034 καί
328 971 470 1052 ἀρχοντας
497 980 556 1032 τῶν
584 971 723 1050 θεμάτων
755 971 804 1032 καὶ
835 971 1032 1052 στρατόπεδον
1059 969 1132 1032 ἀνα-

97 1075 272 1154 ρίθμητον.
318 1070 373 1148 τὴν
401 1067 433 1131 δὲ
461 1069 643 1148 Νικηφόρον
676 1069 810 1148 κεφαλήν
841 1068 972 1146 ἐκκόψας
1005 1068 1054 1129 καὶ
1084 1068 1131 1130 ἐπὶ

98 1171 201 1244 ξύλου
222 1169 371 1251 κρεμάσας
390 1165 500 1250 ἡμέρας
518 1168 611 1245 τινάς,
629 1161 690 1228 εἷθ’
707 1168 784 1228 οὕτω
800 1168 959 1248 γυμνώσας
977 1167 1009 1230 τὸ
1024 1165 1132 1229 ὀστοῦν

98 1268 154 1329 καὶ
178 1266 428 1350 περιαργυρώσας
455 1266 567 1339 ἔξωθεν
595 1263 724 1326 ἐκέλευσε
752 1267 849 1327 πίνειν
877 1266 918 1338 εἰς
941 1264 1036 1344 αὐτήν
1063 1266 1132 1339 τοὺς
1147 1286 1173 1326 10

98 1365 259 1447 ἀρχοντας
276 1375 335 1425 τῶν
353 1365 534 1445 Βονλγάρων
557 1363 780 1444 ε’γκαυχώμενος
802 1362 876 1424 κατά
899 1373 951 1424 τοῦ
970 1362 1132 1443 ἀπληστευ-

100 1465 220 1537 θέντος
255 1462 305 1523 καί
337 1462 392 1541 τήν
419 1462 543 1543 εἰρήνην
576 1461 615 1540 μή
645 1461 834 1540 θελήσαντος.
881 1462 955 1524 ὅθεν
982 1459 1001 1540 ή
1029 1463 1130 1543 γραφή
1146 1483 1184 1522 οττ
1199 1482 1230 1521 Μ.

100 1559 395 1643 προασφαλιζομένη
419 1560 470 1622 τὸν
493 1569 629 1621 τοιοῦτον
652 1553 772 1636 φάσκει·
801 1561 841 1639 μή
865 1559 1064 1638 ἀπληστεώου,
1089 1560 1133 1620 ότι

103 1655 146 1721 δι’
179 1660 351 1738 ἀπληστίαν
383 1658 486 1719 πολλοί
518 1657 715 1736 ἐτελεύτησαν.
761 1656 777 1720 ὁ
809 1655 840 1719 δέ
872 1657 1022 1738 προσέχων
1055 1658 1133 1736 ζωήν

103 1757 290 1840 προσθήσει.
336 1759 397 1816 καί
425 1756 554 1828 πολλοὺς
582 1753 712 1817 ἀπώλεσε
736 1755 768 1816 τὸ
791 1759 912 1836 χρυσίον
939 1755 988 1817 καί
1011 1758 1134 1835 καρδίας
1148 1775 1174 1816 1ο

105 1854 260 1936 βασιλέων
283 1853 434 1928 ἐξέκλινεν.
481 1853 569 1916 πόσοι
595 1853 650 1935 γὰρ
679 1864 732 1915 τοῦ
755 1856 890 1927 πλείονος
917 1854 1135 1933 ἐπιθυμοῦντες

106 1964 163 2015 τοῦ
183 1953 299 2026 παντὸς
318 1952 464 2031 ἐξέπεσον,
485 1951 535 2012 καί
553 1951 589 2012 τὰ
607 1939 734 2031 περιττάΙ
746 1953 962 2034 συναγαγόντες
980 1952 1134 2014 ἀπώλεσαν

106 2053 235 2126 εἰκότως
257 2049 360 2111 καὶτὰ
386 2048 469 2132 όλίγα
492 2049 541 2110 καί
565 2048 722 2131 ἀναγκαία,
744 2049 795 2110 καί
817 2050 887 2123 τοὺς
905 2050 1135 2129 νενομισμένους

108 2152 204 2231 ὅρους
226 2149 405 2230 ὑπερβάντες
428 2147 478 2208 καί
498 2157 558 2208 τῶν
577 2149 701 2229 μετρίων
720 2148 947 2230 έγυμνώθησαν.
986 2149 1059 2209 ὅθεν
1079 2142 1134 2210 οὖν

110 2249 167 2328 χρή
197 2247 386 2328 περικόπτειν
413 2245 570 2327 ἐμφρόνως
596 2244 632 2305 τὰ
656 2247 790 2326 περιττά,
818 2247 867 2307 ἵνα
895 2251 991 2320 καλῶς
1018 2246 1050 2307 έν
1073 2253 1135 2319 τοῖς
1149 2266 1175 2305 ιο

110 2346 291 2428 ἀναγκαίοις
313 2351 494 2422 πλουτῶμεν.
541 2341 656 2425 οὐγὰρ
681 2343 712 2404 τὸ
735 2349 865 2406 πλοῦτον
891 2344 979 2425 ἔχειν,
1007 2341 1079 2404 ἀλλὰ
1102 2345 1133 2406 τὸ

113 2445 156 2524 μή
176 2446 298 2506 δεῖσθαι
315 2443 445 2504 πλούτου
464 2441 591 2515 πλοῦτός
609 2442 669 2503 ἐστι
688 2439 829 2523 μέγιστος.
861 2443 912 2504 τόν
933 2440 965 2503 δέ
978 2465 1010 2524 γε
1025 2441 1134 2523 τρόπον

112 2553 167 2622 τής
191 2551 246 2603 τοῦ
269 2539 411 2622 βασιλέως
433 2550 552 2621 σφαγῆς
575 2538 675 2612 οὐδεὶς
697 2549 755 2600 τῶν
779 2536 1005 2620 περισωθέντων
1032 2549 1135 2616 σαφῶς

115 2641 289 2722 διηγήσατο.
335 2637 414 2717 πλήν
437 2638 552 2717 έφασάν
575 2661 652 2710 τινες
677 2647 736 2698 τῶν
759 2635 986 2720 ἀκριβεστέρων,
1014 2636 1058 2697 ότι
1084 2659 1135 2698 πε-

115 2740 208 2801 σόντα
235 2735 396 2818 χριστιανοί
424 2747 529 2796 τοῦτον
558 2735 725 2817 ε’πέτρωσαν
753 2733 792 2808 ὡς
821 2736 916 2796 αἴτιον
943 2744 995 2814 τῆς
1022 2735 1135 2796 τούτων
1150 2755 1175 2795 οε

116 2836 336 2916 πανωλεθρίας.
378 2832 446 2895 δδέ
469 2834 535 2906 υίὸς
558 2834 651 2895 αὐτοῦ
670 2835 857 2916 Στανράκιος
879 2831 1049 2915 πληγωθείς
1072 2857 1135 2893 και-

117 2936 191 3014 ρίως
215 2932 287 2994 κατὰ
311 2942 364 2994 τοῦ
388 2933 487 3006 δεξιοῦ
511 2941 608 3012 μηροῦ
634 2931 683 2991 καί
708 2932 792 3013 μόγις
815 2929 944 3004 ἐξελθών
967 2940 1018 3009 της
1042 2931 1136 3010 μάχης

118 3033 232 3117 φορείφ
256 3031 311 3109 τήν
333 3031 421 3090 πόλιν
444 3027 609 3109 κατέλαβεν.

194 3199 227 3247 13
247 3193 298 3246 Sir.
314 3197 357 3260 υτ,
372 3197 419 3257 οο;
435 3197 476 3245 31.
498 3224 528 3231 -
556 3197 589 3246 ιτ
608 3191 660 3246 Sir.
677 3197 706 3259 8,
722 3198 745 3245 κ.
770 3225 804 3231 -
828 3197 942 3246 εκ-οο
961 3193 995 3257 ef.
1011 3190 1135 3260 Theoph.

117 3282 146 3332 p.
162 3271 224 3333 491,
240 3271 282 3318 24.
302 3297 336 3304 -
356 3269 461 3317 26-28
480 3264 515 3330 es.
533 3262 657 3332 Theoph.
671 3280 699 3330 p.
715 3269 776 3331 49⁵2,
792 3271 815 3316 2.

194 3413 210 3460 6
229 3408 362 3462 ὑπελθὼν
380 3407 403 3458 Β
427 3407 561 3460 ἀπελθὼν
579 3405 605 3458 N
629 3405 794 3460 ἐπανελθὼν
809 3407 840 3458 A.
861 3437 894 3444 -
916 3411 948 3458 13
968 3404 1071 3472 φάσκει
1090 3405 1137 3456 ΑΒ

124 3475 214 3546 έλεγεν
232 3479 283 3533 RV
307 3475 436 3547 φησίν-Ιι
460 3476 547 3546 φησίν
568 3484 632 3546 post
650 3477 825 3546 ἀπληστεόου
848 3478 901 3530 τάσ.
915 3476 942 3529 N
961 3493 1012 3530 om.
1027 3474 1083 3529 OE.
1105 3507 1137 3514 —

125 3551 159 3598 17
177 3547 309 3612 ἐξέπεσαν
328 3549 413 3604 CER.
440 3581 468 3588 -
488 3556 520 3602 21
540 3547 594 3618 γάρ
612 3549 801 3603 τὸνπλοῦτον
821 3546 866 3601 ΑΟ
886 3555 911 3602 et
928 3563 997 3602 rece.
1013 3547 1136 3614 quidam.

125 3649 159 3656 -
179 3624 212 3673 ‘24
232 3620 340 3690 ἔφησάν
358 3621 381 3673 Β
405 3619 538 3689 έφθασάν
557 3619 619 3674 OM.
641 3652 673 3658 —
695 3626 727 3672 26
747 3616 940 3687 πανολεθρίας
958 3617 1049 3672 ΟΕΜ.
