2617 3909
530 250 719 301 ΧΡΟΝῘΚΟΝ
1066 248 1132 313 393

117 394 193 459 οὐδὲ
219 406 272 476 τής
299 396 420 477 ἐσχάτης
447 394 631 478 ἐσχατωτέρα.
677 396 749 459 ὥστε
772 390 842 476 οὐν,
869 397 898 459 εί
919 394 972 476 μὲν
995 391 1087 459 εἶπεν·
1112 396 1131 476 ἡ

124 492 244 576 δευτέρα
265 492 340 574 ὑπὲρ
367 494 422 573 τήν
449 494 584 576 πρώτην,
611 493 690 569 εἰκὸς
713 487 752 574 ήν
774 494 825 555 καὶ
847 496 947 577 τρίτην
970 496 1132 575 οίκοδομήν

119 594 301 673 προσδοκᾶν,
324 592 351 653 εἰ
373 590 405 655 δέ
428 592 483 672 τήν
501 590 640 672 δευτέραν
659 591 782 673 ἐσχάτην
800 592 944 673 ἐκάλεσεν,
966 594 1132 654 τελευταίαν

119 689 238 769 ἐκείνην
266 689 428 769 οἰκοδομήν
454 699 618 771 προφανῶς
644 699 697 769 τῆς
724 713 754 751 τε
776 691 887 765 πόλεως
909 689 957 751 καὶ
981 700 1033 752 τοῦ
1056 700 1132 754 ναου”

118 787 337 869 παρεδήλωσεν.
373 786 423 848 καί
447 789 542 867 μάτην
560 786 724 867 άπατᾶσθε,
747 781 935 867 ἐνἸοοδαῐοι,
955 788 1010 867 τήν
1028 794 1132 871 παλιγ-
1160 811 1171 851 τ

116 886 254 967 γενεσίαν
277 885 389 947 τούτων
417 884 488 963 μετὰ
510 884 565 963 τήν
591 885 816 949 Οὐεσπασιανοῦ
838 885 889 947 καὶ
914 887 1001 948 Τίτου
1024 888 1132 947 καθαί-

114 1000 202 1065 ρεσιν
224 981 524 1065 άποκαραδοκοῶντες.
561 981 633 1045 ἀλλὰ
656 984 717 1063 μὴν
734 982 785 1045 καί
803 982 819 1045 ὁ
839 984 1016 1065 ίεροψάλτης
1033 984 1132 1046 Δανὶδ

119 1079 179 1161 πρὸ
201 1080 314 1142 τούτων
341 1079 373 1143 ἐκ
395 1081 556 1163 προσώπου
580 1091 632 1161 τῆς
654 1082 852 1162 αἰχμαλωσίας
870 1084 975 1162 φησίν·
1003 1081 1132 1145 ἐπὶτῶν

114 1188 261 1258 ποταμῶν
284 1180 463 1257 Βαβυλῶνος
481 1178 545 1241 ἐκεῖ
562 1178 742 1259 ἐκαθίσαμεν
764 1179 814 1241 καί
837 1179 1018 1259 ἐκλαύσαμεν
1040 1180 1073 1242 ἐν
1095 1187 1134 1263 τῷ
1146 1203 1185 1242 ενι
1198 1201 1227 1239 M.

119 1283 296 1357 μνησθῆναι
317 1273 396 1355 ήμῶς
418 1286 469 1357 τής
488 1276 578 1339 Σιών.
624 1278 686 1339 καί·
710 1278 755 1339 ὅτι
772 1277 836 1339 ἐκεῖ
848 1277 1035 1358 ἐπεράτησαν
1052 1275 1131 1356 ήμάς
1145 1300 1171 1339 10

113 1374 153 1437 οί
173 1374 455 1455 αίχμαλωτεύσαντες
477 1372 555 1453 ήμῶς
578 1373 685 1457 λόγους
706 1369 792 1459 ρἰδῶν
812 1374 913 1436 καλοί
932 1374 1131 1457 ἀπαγαγόντες

116 1469 199 1551 ήμῶς
221 1472 344 1551 ὐμνους.
388 1471 438 1533 καί
461 1471 560 1553 ἐπάγει
583 1470 706 1554 ἕτέρωθι
728 1472 794 1553 περί
816 1482 869 1553 τής
891 1472 1003 1547 πόλεως
1026 1471 1129 1554 λέγων’

113 1571 287 1649 οἰκοδομῶν
306 1563 496 1650 Ἰερουσαλήμ
518 1568 535 1632 ὁ
558 1571 660 1652 ινύριος
682 1570 734 1643 τὰς
759 1569 922 1652 διασπορὰς
943 1580 996 1634 τοῦ
1016 1566 1131 1651 Ἰσραήλ

114 1667 295 1742 ἐπισυνάξει.
340 1666 390 1729 καὶ
416 1668 506 1729 πάλιν
533 1667 566 1730 ἐκ
592 1668 753 1749 προσώπου
775 1678 829 1730 τοῦ
851 1673 925 1731 λαοῦ
948 1668 1066 1746 φάσκει·
1097 1668 1130 1730 ἐν

112 1772 159 1850 ’τῷ
173 1763 346 1846 ἐπιστρέψαι
364 1766 468 1847 κύριον
486 1765 541 1845 τήν
559 1766 759 1845 αίχμαλωσίαν
777 1776 830 1828 τοῦ
849 1770 922 1829 λαοῦ
936 1766 1028 1828 αὐτοῦ
1041 1765 1129 1847 άγαλ-
1145 1788 1169 1827 ιτ

117 1864 248 1926 λιάσεται
271 1858 375 1943 Ἰακὼβ
403 1862 453 1925 καί
479 1863 720 1944 εὐφρανθήσεται
739 1858 862 1945 Ἰσραήλ.
907 1864 1019 1925 οὐκούν
1046 1863 1130 1942 ὑμεῖς

112 1961 195 2024 πολὺ
218 1966 371 2022 πλανᾶσθε
395 1961 434 2041 μή
458 1959 566 2033 εἰδότες
589 1960 640 2033 τὰς
662 1960 780 2042 γραφὰς
803 1959 877 2040 μηδὲ
900 1960 955 2040 τήν
975 1961 1008 2023 ἐν
1026 1961 1130 2033 αὐταῖς

114 2056 317 2137 ἀποκειμένην
345 2058 489 2139 μυστικήν
517 2054 567 2119 καί
589 2059 792 2121 θεόπνευστον
814 2060 1006 2120 διδασκαλίαν
1028 2082 1058 2119 τε
1080 2058 1130 2119 καὶ

112 2156 290 2238 πρόρρησιν.

186 2252 261 2335 Περὶ
288 2251 320 2315 δὲ
347 2263 400 2334 τής
425 2253 547 2335 ἐσχάτης
576 2254 774 2335 αἰχμαλωσίας
801 2254 910 2333 ταύτης
932 2251 999 2316 οὐτε
1021 2254 1128 2334 χρόνον
1143 2277 1168 2315 ιο

116 2352 223 2432 ὥρισεν
247 2350 262 2413 ὁ
285 2350 371 2431 θεός,
394 2349 460 2413 οὐτε
483 2350 719 2414 ἀποκατάστασιν
742 2351 894 2431 ἐδήλωσαν
916 2352 949 2413 οἱ
967 2361 1129 2434 προφῆται,

65 2473 67 2479 ’
111 2447 191 2510 «ἀλλὰ
222 2448 277 2528 τήν
309 2446 363 2527 μὲν
394 2448 593 2529 αίχμαλονσίαν
624 2448 675 2511 καί
706 2450 760 2529 τήν
790 2459 843 2529 τής
869 2450 1017 2529 βασιλείας
1043 2449 1129 2529 ὑμῶν

116 2546 303 2609 κατάπαυσιν
329 2546 380 2608 καί
407 2546 462 2625 τήν
489 2556 541 2627 τής
568 2548 679 2621 πόλεως
701 2546 849 2628 ἐρήμωσιν
875 2548 983 2621 πάντες
1005 2548 1037 2609 οί
1055 2569 1128 2629 προ-

112 2654 211 2725 φῆται
234 2644 478 2727 προανήγγειλαν,
501 2643 555 2723 τήν
579 2643 610 2707 δὲ
633 2644 781 2707 ἐπάνοδον
804 2644 854 2706 καί
873 2644 928 2723 τήν
947 2655 999 2725 τής
1016 2646 1128 2719 πόλεως

113 2741 289 2823 άνύρθωσιν
312 2742 459 2821 οὐδαμῶς,
482 2742 561 2821 πλήν
583 2743 678 2821 μόνον
700 2742 751 2804 τὸν
771 2747 898 2821 παντελή
918 2743 1026 2821 ταύτης
1048 2742 1127 2821 άφα-
1142 2765 1167 2805 ει

118 2840 225 2919 νισμδν
256 2839 306 2901 καὶ
332 2840 384 2902 τὸν
412 2838 537 2921 ὄλεθρον
564 2840 649 2919 ὐμῶν
676 2839 727 2901 καὶ
753 2840 809 2919 τήν
836 2842 958 2919 διηνεκή
986 2841 1128 2922 τιμωρίαν

116 2936 168 2998 καί
191 2935 357 3017 διασπορὰν
379 2938 421 3011 είς
443 2937 479 2997 τδι
501 2937 576 3017 ἕδνη
599 2938 705 2999 πάντα.
751 2936 827 3016 φησὶ
844 2936 899 3018 γὰρ
919 2935 935 2999 δ
954 2936 1129 3020 ἀρχάγγελος

112 3035 192 3115 πρὸς
213 3035 266 3097 τὸν
288 3035 415 3114 Δανιήλ·
448 3034 733 3117 ἐξολοθρευθήσεται
760 3037 866 3116 χρίσμα
888 3033 938 3095 καί
960 3038 1050 3115 κρίμα
1073 3036 1128 3098 οὐκ

189 3164 325 3251 εΡωΙω.
351 3201 401 3251 136
424 3199 559 3266 (13‘1)‚1;
582 3203 606 3251 3.
630 3228 666 3237 -
690 3202 723 3251 ιι
746 3196 1068 3266 Psalm.146(14⁷).2.
1093 3229 1127 3237 -

119 3273 152 3323 ιι
170 3267 271 3323 Psalm.
288 3274 321 3321 ιτ
336 3271 400 3338 (14),
415 3273 438 3321 τ.
454 3299 487 3307 -
508 3274 540 3323 16
559 3267 660 3323 Matth.
675 3274 719 3336 εν,
734 3274 777 3322 29.
795 3300 829 3309 -
848 3274 882 3322 28
897 3268 967 3321 Dan.
983 3274 1008 3337 ν,
1022 3274 1070 3335 263
1085 3273 1126 3321 ιτ.

188 3416 205 3463 4
223 3417 273 3479 τῆς
290 3429 318 3465 τε
332 3409 461 3465 ADLRV
478 3428 507 3463 τε
526 3426 575 3465 ουτ.
591 3408 733 3464 BOEFM.
748 3443 783 3451 -
802 3416 817 3463 ‘1
832 3412 1056 3476 καραδοκοῦντες
1069 3410 1126 3463 BF.

116 3486 186 3535 -8
211 3482 260 3537 τὸν
283 3481 409 3551 ποταμὸν
432 3478 572 3535 ACFMR.
598 3513 631 3521 -
661 3486 694 3535 10
712 3481 764 3550 τήν
783 3483 850 3535 σιῶν
868 3479 1005 3536 BGDFL.
1027 3512 1062 3520 -
1080 3481 1128 3533 καί

113 3569 166 3607 ουν.
182 3552 244 3606 ΒΝ.
262 3583 295 3592 -
315 3552 494 3621 ἐπηρώτησαν
509 3551 596 3605 DEF.
612 3583 645 3592 -
667 3557 699 3606 12
718 3550 804 3621 λέγων
822 3551 887 3619 περί
904 3558 953 3619 τῆς
970 3550 1075 3612 πόλεως
1092 3550 1126 3602 N.

115 3655 150 3663 -
172 3629 204 3676 1‘1
223 3622 311 3677 πολλὰ
329 3623 352 3675 Β
371 3640 420 3678 om.
436 3622 494 3676 ΡΜ.
516 3655 549 3662 -
568 3623 599 3677 ἐν
618 3624 713 3684 αὐτοῖς
731 3624 811 3677 codd.
829 3629 939 3692 praeter
957 3622 1042 3675 LNR.
