2617 3909
186 244 251 309 418
501 244 688 295 ΓΕΩΡΓΙΟΤ
705 243 889 297 ΜΟΝΑΧΟΤ

186 395 343 473 τρίψαντες
365 392 473 475 χρόνον
495 391 528 454 ἐν
551 392 696 475 κακουχίφ
719 389 818 463 ἐλέους
836 390 949 471 ἔτυχον,
971 388 1022 451 καί
1039 390 1082 463 είς
1099 392 1202 471 Βαβυ-

187 496 266 552 λῶνα
288 491 377 552 πάλιν
400 488 608 571 ἀπενεχθέντες
639 488 813 569 ἐπανῆλθον
841 488 884 561 εἰς
910 487 946 549 τὰ
969 488 1045 567 ἴδια,
1073 486 1123 549 καλ
1146 484 1201 549 ὑπ’

183 583 335 669 Ἀντιόχου
362 596 489 649 τοσαῦτα
515 587 592 649 κακά
622 586 771 660 παθόντες
793 578 886 659 αύθις
908 585 983 669 πρὸς
1004 586 1037 648 τὸ
1059 586 1205 668 πρότερον

187 686 360 766 ἐπανῆλθον
387 686 484 765 σχῆμά
510 708 540 747 τε
567 684 617 746 καλ
647 683 776 764 ἀξίωμα,
805 694 863 745 νύν
891 681 923 745 δὲ
949 682 1039 745 ούδὲν
1066 692 1205 745 τοιοῦτον

161 784 350 867 σχεγὲνηται,
370 783 443 844 ἀλλὰ
462 780 500 863 φ’
518 783 591 848 ἐτῶν
610 782 640 857 ἐξ
659 782 775 845 ἐκείνου
793 780 975 843 διελθόντων
993 779 1063 843 οὐδὲ
1081 782 1205 863 αἴνιγμα

187 882 326 961 τοιαύτης
354 884 516 963 μεταβολῆς
544 879 658 963 δρῶμεν
686 880 871 959 φαινόμενον
898 872 964 941 οἷον
990 880 1023 941 τδ
1045 879 1204 961 πρότερονς

188 981 215 1043 εἰ
237 978 269 1041 δὲ
292 979 344 1053 τάς
366 978 509 1061 ἁμαρτίας
530 979 629 1041 αὐτῶν
648 978 844 1060 προβάλοιντο
863 975 914 1038 καλ
931 976 1042 1038 εἴποιεν
1061 976 1117 1038 ότι·
1141 975 1205 1039 ἐπεὶ

188 1076 357 1160 ἡμάρτομεν
383 1084 422 1161 τῷ
445 1083 507 1162 θεῷ
531 1075 581 1139 καί
609 1076 660 1139 διδι
686 1085 772 1137 τοῦτο
799 1073 857 1137 ούκ
878 1073 1127 1155 ἀπολαμβάνομεν
1148 1074 1205 1153 τῆν

189 1176 301 1238 οἰκείαν
328 1176 439 1257 χάραν,
467 1176 556 1237 πάλιν
580 1169 607 1236 δ’
629 1172 667 1235 ἀν
690 1173 809 1247 εἰκότως
836 1171 946 1247 αύτούς
968 1172 1123 1255 ἐρήσομαι·
1153 1171 1205 1233 διὰ

150 1295 176 1337 1ο
190 1273 241 1347 τάς
263 1272 405 1356 ἁμαρτίας
427 1272 527 1354 ὑμῶν,
556 1265 579 1334 ὦ
600 1268 754 1352 Ἰουδαῖοι,
777 1280 829 1351 τῆς
846 1265 1038 1353 Ἰερουσαλὴμ
1060 1270 1115 1344 ἔξω
1138 1271 1204 1331 δια-

190 1374 299 1455 τρίβετε
321 1371 428 1454 χρόνον
455 1380 611 1446 τοσούτους
639 1369 691 1431 καί
712 1370 742 1431 τί
762 1369 795 1430 τὸ
817 1369 923 1431 καινόν
945 1367 996 1430 καλ
1018 1369 1205 1451 παράδοξονς

191 1470 232 1550 μῆ
255 1469 310 1553 γὰρ
333 1479 390 1531 νῦν
413 1468 446 1530 ἐν
468 1467 623 1550 ἁμαρτίαις
646 1470 711 1547 ζῆτε
740 1466 847 1545 μόνον,
875 1465 955 1548 παρὰ
978 1463 1010 1527 δὲ
1032 1466 1088 1545 τὴν
1110 1465 1206 1548 ἀρχὴν

191 1567 224 1629 ἐν
247 1567 421 1650 δικαιοσύνῃ
449 1564 499 1627 καὶ
521 1565 759 1647 κατορθώμασιν.
805 1563 861 1625 ούκ
883 1562 1004 1625 ἀνωθεν
1026 1562 1077 1624 καὶ
1099 1563 1129 1637 ἐξ
1152 1563 1206 1646 ἀρ

191 1674 245 1744 χῆς
268 1664 387 1746 μυρίαις
409 1663 666 1745 συνανεστράφητε
687 1662 899 1743 παρανομίαις;
921 1661 998 1742 ούχί,
1020 1670 1073 1741 τῆς
1091 1662 1206 1723 θαλάσ-

154 1784 180 1826 τσ
193 1780 248 1841 σης
270 1760 451 1842 σχιζομένης,
473 1760 523 1823 καὶ
545 1770 605 1822 τῶν
628 1769 742 1842 πετρῶν
762 1758 966 1841 ῥηγνυμένων,
988 1756 1038 1820 καί
1056 1759 1207 1821 τοσούτων

193 1860 357 1939 θαυμάτων
375 1857 540 1939 γινομένων
558 1857 606 1920 ἐπὶ
621 1867 674 1937 τῆς
688 1856 810 1938 ἐρῆμον,
828 1857 1064 1940 προσεκυνήσατε
1080 1857 1207 1939 μόσχους

194 1956 230 2019 ού
249 1955 301 2019 τὸν
314 1954 449 2017 Μωϋσὲα
468 1958 566 2029 λίθοις
584 1956 740 2036 βάλλοντες
757 1954 808 2016 καλ
826 1954 933 2038 ἑτέροις
952 1956 1070 2037 μυρίοις
1087 1956 1208 2036 τρόποις

194 2054 307 2117 ἀνελεῖν
339 2053 539 2135 ἕπεχειρῆσατε
571 2054 712 2126 πολλάκις
742 2052 793 2113 καλ
824 2052 875 2115 τὸν
907 2052 982 2114 θεὸν
1013 2054 1208 2136 παροργίζετε

193 2155 452 2234 βλοσφημούντεςς
475 2152 512 2214 ού
530 2158 570 2237 τῷ
581 2150 752 2233 Βεελφεχόιρ
771 2149 952 2230 ίτελέοθητες
976 2151 1013 2212 ού
1031 2150 1101 2224 τούς
1119 2151 1208 2225 υἱούς

155 2274 181 2315 εο
194 2250 279 2329 ὑμῶν
305 2249 355 2311 καὶ
382 2249 433 2323 τάς
456 2249 623 2333 θυγατέρας
645 2248 771 2311 ἐθύσατε
793 2254 855 2322 τοῖς
878 2248 1043 2327 δαιμονίοις
1064 2247 1114 2309 καὶ
1136 2249 1209 2323 τοὺς

194 2347 364 2429 ἀλλοτρίους
385 2348 478 2420 θεοὺς
499 2347 728 2430 ἕθεραπεύσατες
751 2346 872 2409 ούπᾶν
889 2341 968 2420 εἶδος
991 2344 1134 2428 ἁμαρτίας
1157 2346 1209 2408 καὶ

194 2446 298 2518 κακίας
325 2444 527 2521 ἕπεδείξασθες
553 2456 617 2520 πῶς
644 2439 700 2507 ούν
727 2444 805 2525 ύμᾶς
827 2444 884 2506 ούκ
906 2443 1081 2526 ἀπεστράφη
1103 2445 1167 2506 τότε
1190 2444 1208 2507 ό

194 2544 276 2624 θεός,
298 2542 371 2605 ἀλλά
393 2543 463 2623 μετά
484 2543 777 2623 τάςπαιδοκτονιάς,
800 2542 870 2621 μετὰ
888 2541 940 2615 τάς
958 2542 1208 2623 εἰδωλολατρείας,

194 2682 408 2696 W

266 2767 486 2894 2ἀναχθίντες
491 2769 516 2821 A
534 2774 745 2823 νι.1οοττ.οκ
763 2767 781 2819 ἀ
782 2765 905 2859 χθέντος.
934 2766 1151 2892 ριχθέντες(
1087 2767 1117 2820 Μ
1141 2766 1209 2836 (ἀπ-

196 2840 331 2931 αχθέντες
371 2841 423 2909 hr)
502 2839 587 2894 πάλιν
607 2836 810 2900 ἐπανελθόντες
826 2832 917 2907 ἦλθον
1042 2838 1210 2907 ἐπανῆλθον
1296 2843 1297 2854 ’

195 2912 280 2968 πάλιν
298 2910 338 2973 είς
355 2910 382 2964 N
405 2911 462 2979 (sed
483 2912 601 2966 ι’κεελτ
575 2912 659 2966 ετίονι
677 2912 759 2979 prius
781 2908 941 3000 “Q-
965 2908 1088 2963 θπολλά
1111 2908 1210 2998 (πάλιν
1296 2907 1297 2918 ’

196 2982 284 3039 πολλά
301 2982 341 3053 Μ)
363 2990 485 3037 τοσαῦτα
508 2981 582 3036 κακὰ
600 2980 705 3036 GEFN
727 2980 816 3035 πολλὰ
838 2978 913 3035 κακά
934 2988 1057 3034 τοσαῦτα
1075 2981 1101 3035 R
1123 2979 1210 3035 πάλιν

195 3062 317 3108 τοσαυτα
332 3051 845 3124 κακά1ι.7προβαλλοιντοΕΙιΝ
859 3058 968 3106 etrecc.
978 3051 1093 3119 quidam
1115 3070 1211 3121 παρα-

196 3125 325 3215 βάλονμτο
343 3126 369 3179 Α
390 3124 613 3251 πρρβάλλονται
612 3124 632 3178 C
653 3125 711 3211 (φατ’
728 3130 753 3178 ιλ
771 3122 943 3192 είκασι).-
968 3119 1009 3176 ότι
1028 3140 1080 3177 om
1096 3123 1153 3176 AB.
1173 3155 1211 3163 —

197 3195 427 3283 θὴμάρτωμενΑ
458 3195 561 3250 FNPV
628 3192 912 3250 9ἰδιαυΒΟΜ1λ.-
928 3199 961 3247 13
976 3195 1210 3262 ούκ14παροι-

196 3264 308 3335 υομίαις
321 3284 372 3323 om.
380 3268 412 3321 A
426 3273 505 3321 -14
520 3265 763 3335 σουανεστράφητε
777 3265 847 3319 FPV
857 3265 919 3320 chr.
939 3265 1144 3334 συνεστράφητε
1158 3265 1210 3319 ΒΟ

196 3336 247 3391 LN
265 3338 454 3409 συνετράφητε
467 3338 575 3393 Εἱλ-
591 3343 622 3393 17
638 3337 769 3462 βαλόντες
782 3336 919 3390 ELMae-
934 3337 995 3391 185
995 3354 1027 3389 ττι
1028 3336 1210 3407 χΡειρήσατε

198 3408 423 3478 ἐπιχειρήσαντες
445 3412 505 3479 (οτι.
524 3428 575 3480 ειη.
594 3410 706 3479 nom
730 3440 764 3449 —
786 3402 965 3478 παροργίζετε
983 3358 1149 3462 AGMPRV.
1173 3439 1208 3449 -

198 3485 233 3533 20
250 3490 309 3545 τοῖς
332 3484 407 3552 δαιμ
427 3482 547 3537 ἐθύσατε
565 3481 676 3535 FL-
701 3452 744 3533 22
753 3477 814 3533 τότε
838 3480 889 3533 ούκ
912 3478 1077 3547 ἀπεστράφη
1095 3479 1123 3532 Ν
1146 3477 1210 3534 τότε

198 3566 248 3606 om
263 3551 349 3605 A.-
369 3559 402 3608 23
421 3552 490 3622 μετά
507 3552 557 3616 τάς
575 3548 777 3611 παιδοκτονίας
794 3566 845 3604 ουτ.
860 3549 883 3601 Β
906 3549 957 3611 τὰς
974 3566 1023 3605 om.
1039 3549 1153 3604 ODEL.
1173 3582 1210 3590 —-

199 3621 410 3693 εἰδωλολατρίας
428 3623 538 3679 CEMV
556 3631 581 3679 et
598 3639 668 3677 τοοο.
682 3622 818 3691 plerique.
