2617 3909
520 241 709 292 XPONIKON
1063 237 1127 300 793

99 387 159 448 καί
182 388 392 466 διαφυλάττειν
414 389 621 470 προκρίνομεν.
659 397 744 448 τοῦτο
764 385 796 448 δὲ
814 387 1043 467 ἐπακριβοῶντες
1064 387 1128 448 δια-

101 487 289 566 βεβαιοῦμεν
320 484 360 559 ὡς
394 486 435 565 μή
467 491 593 567 θαρρεῖν
629 508 695 546 τινα
731 485 805 546 κατὰ
841 485 966 547 εἰκόνων
1002 483 1022 564 ή
1054 483 1129 565 ὑπὲρ

101 583 235 646 εἰκόνων
262 586 411 669 παρρησίρι
439 590 534 645 κινεῖν
557 583 612 662 τήν
634 589 780 664 γλῶτταν,
808 577 869 644 ἀλλ’
894 581 1029 644 ἐκποδὼν
1057 583 1128 644 ἔστω

101 682 160 742 καλ
182 681 310 763 οἰχέσθω
334 682 384 743 καλ
408 680 428 761 ή
450 684 682 744 Κωνσταντίνου
707 683 834 754 σύνοδος
861 679 911 741 καί
935 677 954 760 ή
981 683 1129 760 Ταρασίου

102 779 160 841 καὶ
179 777 198 859 ή
217 789 275 841 νῶν
293 780 342 842 ἐπὶ
359 779 492 853 Λέοντος
514 786 696 861 κρατηθεῖσα
718 779 786 861 περὶ
803 789 863 840 τῶν
881 781 1024 840 τοιούτων
1043 781 1129 857 ζητη-
1157 799 1169 838 5

103 878 294 957 μάτων,καί
317 879 386 960 σιγή
409 881 521 959 βαθεῖα
542 888 596 957 της
618 887 678 938 τῶν
701 878 825 938 εἰκόνων
849 878 968 956 μνήμης
991 875 1130 959 γινέσθω.

175 971 244 1054 Ἐφ’
269 970 305 1038 οό
332 979 440 1057 Θωμᾶς
469 975 485 1038 ό
509 975 654 1056 ἀντάρτης
682 976 714 1038 ἐκ
741 986 800 1036 τῶν
823 974 1005 1036 ἀνατολικῶν
1034 984 1130 1056 μερῶν

104 1073 229 1155 ἀπάρας
251 1073 311 1154 ήδη
335 1074 385 1136 καί
408 1077 481 1138 λαὸν
504 1073 662 1157 ἀηυρτῶδη
687 1072 738 1134 καί
760 1074 912 1152 ἐπίμικτον
935 1073 1130 1153 προσυλλεξά-

105 1196 200 1251 μενος
222 1172 273 1233 καλ
295 1173 508 1254 ἐπισυρόμενος
530 1171 579 1234 ἐπὶ
597 1172 629 1232 τὸ
648 1172 813 1244 Βυζάντιον
835 1171 952 1250 ἐκίνησε
975 1180 1027 1250 τής
1046 1172 1131 1250 βασι-

105 1272 190 1344 λείας
221 1272 398 1352 πανούργως
430 1270 480 1332 καλ
512 1265 582 1347 παρ’
608 1269 695 1344 ἀξίαν
727 1269 889 1349 ἐφιέμενος,
936 1269 967 1330 ἐκ
995 1268 1051 1351 γὰρ
1078 1278 1131 1347 τῆς
1146 1289 1171 1328 1⁰

102 1361 258 1448 Ῥωμαίων
281 1379 336 1451 γῆς
359 1368 531 1451 ὁρμώμενος
554 1368 700 1449 δυσγενής
723 1392 752 1428 τε
780 1367 830 1428 καί
853 1366 974 1447 ἀφανής
997 1368 1072 1447 πρὸς
1095 1364 1130 1425 τδι

108 1465 186 1547 μέρη
205 1477 258 1546 τῆς
276 1469 392 1547 Συρίας
414 1466 536 1544 ἀφίκετο
555 1471 786 1528 Κωνσταντῖνον
805 1465 911 1527 ἑαυτὸν
930 1465 1132 1544 μετονομάσας

105 1563 162 1625 καλ
185 1565 254 1626 νίόν
273 1565 407 1644 Εἰρήνης
425 1575 478 1644 τῆς
497 1567 679 1645 βασιλίσσης,
703 1562 867 1624 κάντεῦθέν
886 1562 918 1644 γί
936 1587 981 1624 τοι
1004 1562 1132 1634 πολλοὺς

104 1674 171 1724 τῶν
194 1664 354 1744 βαρβάρων
377 1663 427 1723 καλ
450 1667 638 1744 Χριστιανῶν
661 1662 814 1740 ἀπατήσας
840 1660 890 1721 καλ
913 1661 985 1722 λαόν
1009 1659 1132 1740 άπειρον

105 1761 145 1822 εἰι
172 1760 326 1841 διαφόρων
354 1760 455 1822 ἐθνῶν
483 1763 686 1841 συναθροίσας
714 1757 798 1847 ἐπήει
825 1769 860 1843 τῇ
886 1763 1132 1820 Κωνσταντινου-
1147 1777 1172 1818 1⁵

108 1861 196 1922 πόλει
219 1859 251 1920 ἐν
275 1858 349 1944 όχλφ
372 1861 462 1940 βαρεῖ
479 1859 529 1920 καί
555 1862 646 1946 στόλῳ
672 1858 796 1943 μεγάλῳ,
819 1858 956 1939 καθάπερ
975 1881 1002 1919 τι
1021 1858 1132 1937 θηρίον

109 1958 271 2019 ἀλλόκοτον
294 1956 344 2018 καί
367 1959 563 2039 πολύμορφον
586 1959 723 2019 ποικίλον
741 1979 770 2017 τε
794 1955 843 2016 καί
866 1953 1075 2033 πολυκέφαλον
1097 1953 1133 2015 τὰ

108 2057 255 2134 πολυειδῆ
283 2054 353 2136 γένη
381 2066 441 2116 τῶν
469 2056 570 2117 ἐθνῶν
597 2057 802 2136 συναθροίσας
834 2052 883 2113 καλ
911 2051 1132 2132 ἀνειλημμένος.

110 2152 164 2213 καλ
196 2147 245 2212 οίά
272 2176 316 2224 τις
348 2151 435 2226 ἀλλος
463 2153 639 2234 Σεναχειρλμ
668 2152 742 2214 κατὰ
772 2162 824 2230 τῆς
851 2150 920 2224 νίας
942 2145 1133 2230 Ἰερουσαλήμ

111 2251 341 2329 ἐξοπλισάμενος
373 2249 560 2331 ἐμεγαλαύχει
591 2258 630 2335 τῷ
660 2251 771 2330 πλήθει
802 2259 861 2310 τῶν
893 2247 1047 2327 ἑπομένων
1083 2246 1133 2308 καί
1147 2268 1173 2307 εο

113 2349 376 2428 κατηλαζονεύετο,
408 2348 448 2427 μή
472 2350 596 2428 πάμπαν
620 2347 661 2421 ῶς
684 2349 778 2410 ἔοικεν
801 2347 945 2424 ἐννοήσας
968 2345 1041 2406 κατὰ
1061 2350 1133 2406 πολ-

115 2448 173 2526 λήν
196 2445 387 2528 ἀβελτηρίαν,
416 2444 456 2519 ὡς
484 2446 521 2507 ού
550 2448 670 2520 σώζεται
697 2446 834 2526 βασιλεὺς
862 2443 911 2505 διά
939 2443 1052 2522 πολλὴν
1080 2443 1133 2503 δύ-

113 2569 220 2624 ναμιν,
252 2544 302 2604 καὶ
329 2546 414 2626 φύρας
442 2545 479 2606 ού
508 2545 675 2623 σωθήσεται
704 2543 736 2604 ἐν
761 2544 872 2622 πλήθει
900 2542 1000 2622 ἰσχύος
1027 2541 1132 2602 αύτού·
1149 2563 1188 2603 ωε
1203 2561 1233 2601 τι.

114 2642 233 2721 ψευδής
256 2643 347 2716 ῖππος
369 2643 411 2716 εἰς
434 2643 592 2724 σωτηρίαν,
618 2641 651 2702 ἐν
675 2639 706 2702 δὲ
730 2642 840 2720 πλήθει
863 2640 1017 2718 δυνάμεως
1040 2637 1133 2698 αὐτοῦ
1170 2657 1173 2664 ·

115 2741 153 2801 ού
176 2739 352 2818 σωθήσεται.
389 2742 451 2800 καί·
474 2741 578 2821 κύριος
596 2740 779 2811 διασκεδάζει
796 2737 906 2819 βουλὰς
926 2737 1037 2815 ἐθνῶν,
1061 2734 1133 2795 ἀθε-
1148 2756 1174 2797 εσ

116 2845 163 2899 τεῖ
181 2837 213 2898 δὲ
235 2838 394 2919 λογισμούς
417 2844 497 2899 λαῶν
524 2836 575 2898 καί
597 2836 702 2897 ἀθετεῖ
720 2836 831 2916 βουλὰς
854 2835 1012 2916 ἀρχόντων.
1059 2830 1077 2912 ή
1103 2831 1134 2893 δὲ

116 2936 210 3014 βουλή
234 2946 286 2995 τοῦ
309 2938 416 3014 κυρίου
439 2937 480 3009 εἰς
503 2936 555 2997 τόν
574 2937 669 2996 αἰῶνα
693 2933 780 3013 με’νει,
822 2935 849 2994 εἰ
870 2933 925 3014 γὰρ
948 2932 998 2993 καί
1021 2931 1055 2991 τὰ
1079 2931 1134 3009 μά-

188 3114 221 3160 εν
241 3107 592 3177 Psalm.32(33)‚16;17.
613 3138 648 3145 -
668 3112 701 3160 ετ
720 3107 755 3159 ιο.
771 3124 793 3160 ν.
812 3112 857 3173 103
878 3111 918 3157 11.

190 3276 203 3321 1
223 3265 418 3336 προκρίνομεν
438 3267 519 3321 codd.
537 3275 646 3336 praeter
659 3266 718 3320 DV.
735 3299 767 3305 —
788 3272 803 3319 6
823 3264 945 3334 γινέσθω
959 3264 986 3317 Ν
1010 3261 1133 3332 γενέσθω

120 3339 178 3393 τελλ,
203 3337 436 3410 (ἐμπολιτευόσθω
454 3339 533 3462 λῇο..)
550 3371 583 3378 -
604 3345 637 3391 10
656 3338 705 3391 καλ
724 3355 774 3391 om.
789 3337 821 3390 A.
842 3368 876 3376 -—
897 3341 929 3389 13
949 3335 1004 3406 τοι]
1022 3335 1088 3396 τοὺς
1101 3334 1133 3386 Α,

121 3441 152 3448 -
177 3417 209 3463 15
233 3408 306 3464 ἐπίει
329 3409 349 3463 C
373 3408 451 3478 ἐπείη
520 3409 608 3465 ἐποίει
627 3409 656 3461 Μ
686 3409 729 3464 ἐπι
756 3410 826 3476 (σίνε
846 3412 911 3474 σου.)
932 3408 957 3458 Α
981 3407 1027 3461 ἐπὶ
1045 3405 1077 3458 R.
1101 3437 1134 3444 —

120 3481 168 3549 τήν
186 3482 477 3536 κωνσταντινούπολιν
496 3481 522 3534 Ν
544 3481 596 3550 τήν
619 3497 717 3535 κωνστ.
738 3479 823 3552 ἀπήει
841 3480 874 3534 R.
899 3511 931 3517 —
958 3483 990 3530 19
1008 3495 1135 3547 σεναχει-

121 3552 217 3621 ρείμΙ)
242 3553 410 3622 σεναχηρελμ
423 3552 474 3605 RV
498 3552 674 3622 σενναχειρίμ
689 3551 750 3604 ΑΜ.
767 3583 800 3591 -
820 3558 853 3604 21
874 3548 1048 3615 ἐννοήσαςΑ
1071 3545 1136 3613 νοή-

121 3641 169 3685 σας
186 3623 245 3677 rell.
266 3657 296 3663 -
320 3630 353 3676 22
373 3621 536 3695 ἀβελτερίαν
554 3624 588 3676 N.
609 3656 642 3663 —
663 3630 696 3676 27
716 3623 792 3692 μένει
812 3623 851 3683 εἰς
868 3622 918 3675 τὸν
937 3621 1028 3674 αἰῶνα
1047 3617 1134 3672 DGV.
1212 3653 1215 3657 -
