2617 3909
509 225 700 275 XPONIKON
1053 222 1116 285 777

277 385 354 470 [μα’.
388 388 478 470 Περὶ
500 387 659 463 Λέοντος
686 398 748 451 τοῦ
768 385 938 469 Ἁρμένη]

155 513 256 575 Μετδι
275 511 307 575 δὲ
326 515 452 594 Μιχαὴλ
470 513 638 593 ἐβασίλευσε
652 513 741 576 Λέων
761 511 777 574 δ
794 509 937 594 Ἁρμένης
955 513 1005 575 καὶ
1023 537 1117 595 παρα-

77 613 183 693 βάτης
215 612 341 692 ὕστερον
368 611 534 691 ἀναφανεὶς
561 612 611 691 ἔτη
635 610 662 686 ζ’
682 622 778 692 μῆνας
801 609 836 673 ε’.
883 611 953 691 μετά
980 611 1036 694 γάρ
1062 613 1117 674 δύο

76 711 221 793 χρόνους
246 709 453 790 ἀποστατήσας
479 710 554 792 πρὸς
576 709 631 789 την
655 708 792 791 ἀσέβειαν
820 710 916 793 ὥσπερ
942 709 992 771 καὶ
1016 709 1118 771 Σαοὺλ

77 809 256 884 ἐξώκειλεν.
302 809 352 869 καὶ
375 807 430 891 γάρ
454 807 590 880 κάκεῖνος
617 809 672 870 δόο
702 808 750 888 ἔτη
774 808 949 889 βασιλεύσας
976 807 1118 888 ἐννόμως,
1145 831 1158 870 5

78 902 149 969 εἶτα
184 905 391 988 παρατραπεὶς
427 905 478 967 καὶ
509 916 562 985 της
594 907 681 979 θείας
713 907 830 989 χάριτος
861 905 1032 988 γυμνωθεὶς
1068 905 1118 967 καὶ

28 1022 30 1025 ·
78 1012 218 1090 πονηρῷ
249 1007 395 1083 πνεύματι
427 1003 612 1088 παραδοθεὶς
645 1004 720 1065 κατὰ
751 1014 804 1066 τοῦ
836 1004 988 1086 εὐεργέτου
1019 1003 1117 1065 Δανὶδ

79 1104 269 1182 ἕξωπλίσθη
296 1102 347 1164 καὶ
373 1103 426 1176 τὰς
451 1113 511 1164 τῶν
535 1101 635 1185 ίερίων
664 1102 817 1185 εἰργάσατο
846 1104 1032 1182 μιαιφονίας·
1062 1101 1118 1164 ὡσ-

80 1204 188 1276 αύτως
219 1201 272 1263 καὶ
299 1199 315 1262 δ
344 1202 491 1280 δύστηνος
512 1194 609 1274 οὗτος
635 1199 686 1260 καὶ
714 1199 853 1272 ἀντίθεος
880 1199 952 1279 μετά
980 1201 1035 1261 δύο
1067 1200 1117 1279 ἔτη

81 1299 164 1362 κατὰ
188 1310 249 1379 τῆς
271 1286 421 1380 εὐσεβείας
444 1297 546 1377 μανεὶς
568 1297 619 1358 καὶ
642 1299 791 1377 λυσσησας
818 1297 869 1358 καὶ
893 1297 946 1358 τὸν
969 1297 1118 1373 στέψαντα
1133 1320 1158 1360 ιο

82 1398 183 1461 αὐτὸν
208 1404 300 1459 θεῖον
323 1397 506 1477 Νικηφόρον
528 1397 661 1478 ἕξορίσας
689 1395 739 1458 καὶ
766 1396 912 1458 Θεόδοτον
935 1397 1118 1478 πατριάρχην

84 1498 190 1576 δῆθεν
215 1494 508 1578 ἀντιχειροτονήσας,
535 1493 645 1576 άλομον
673 1492 783 1575 ἀνδρα,
812 1500 923 1574 μᾶλλον
952 1493 984 1556 δὲ
1007 1493 1118 1576 ἀνδρά-

82 1596 187 1656 ποδον
220 1593 274 1655 καὶ
302 1592 493 1676 ἀφωνότερον
520 1603 579 1654 τῶν
605 1593 727 1676 ἰχθύων,
748 1593 799 1654 καὶ
827 1592 921 1673 μηδὲν
948 1593 1038 1655 πλέον
1065 1602 1118 1672 τῆς

84 1691 230 1774 ἀσεβείας
250 1692 455 1772 ἐπιστάμενον,
478 1691 610 1772 διωγμὸν
628 1688 782 1753 άσπονδον
800 1691 874 1754 κατὰ
892 1701 944 1771 τῆς
963 1691 1119 1770 ἐκκλησίας
1132 1705 1172 1745 680
1186 1703 1216 1743 Μ-

85 1790 294 1873 ἀνερρίπισεν.
340 1790 368 1851 εί
394 1782 450 1851 οὗν
477 1789 531 1872 χρη
561 1794 686 1851 Παῦλον
715 1789 763 1852 ἐπὶ
796 1791 920 1869 φαύλων
952 1790 1117 1870 θαυμάζειν
1132 1811 1158 1852 ιο

87 1988 180 2061 λάτας
210 1987 400 2065 θαυμάσεται
432 1988 499 2048 λίαν
532 1987 609 2047 οὕτω
641 1985 749 2068 ταχέως
780 1984 1026 2066 μετατιθεμένους
1058 1984 1116 2047 ἀπὸ

86 2096 142 2147 τοῦ
166 2083 348 2158 καλέσαντος
371 2085 481 2158 αὐτοῦς
504 2084 536 2146 ἕν
558 2085 653 2165 χάριτι
676 2089 807 2166 Χριστοῦ
835 2085 878 2156 είς
905 2082 1003 2166 ἕτερον
1031 2083 1117 2164 εὐαγ-

87 2182 207 2265 γέλιον,
242 2180 259 2244 δ
283 2183 339 2244 οὐκ
366 2183 445 2244 ἔστιν
473 2181 543 2244 ἀλλο
571 2183 599 2243 εὶ
625 2183 665 2262 μὴ
695 2181 769 2263 πρὸς
796 2182 828 2244 τὸ
856 2183 1033 2264 παρορμίσαι
1064 2179 1116 2242 τὸν

88 2283 166 2344 θεὸν
190 2279 245 2342 καὶ
267 2281 323 2361 την
345 2282 435 2342 θείαν
458 2279 552 2364 ὀργὴν
575 2279 805 2342 ἐπισπάσασθαι.
850 2279 901 2340 καὶ
922 2289 997 2362 γοῦν
1020 2279 1115 2358 ὤφθη
1129 2301 1155 2340 ιο
1163 2302 1201 2342 681
1212 2301 1242 2340 M.

89 2390 260 2458 τηνικαῦτα
281 2379 415 2459 κομήτης
437 2378 470 2440 ἐν
493 2378 618 2459 σχήματι
642 2379 697 2440 δύο
721 2382 863 2457 λαμπρῶν
886 2382 1018 2456 σεληνῶν
1040 2375 1116 2437 ἕνω-

91 2475 214 2538 θέντων
243 2475 293 2538 καὶ
315 2477 406 2538 πάλιν
435 2475 646 2558 διαιρεθέντων
674 2476 716 2548 εἰς
739 2477 870 2557 διάφορα
898 2475 1045 2555 σχήματα,
1076 2472 1116 2548 ὡς

92 2575 144 2635 καὶ
173 2577 216 2650 είς
245 2573 398 2653 ἀκεφάλου
427 2575 586 2636 διάπλασιν
613 2573 723 2653 ἀνδρὸς
745 2580 939 2653 τυπωθῆναι,
968 2573 1037 2654 ὅπερ
1061 2572 1116 2650 τὴν

92 2670 248 2750 ἀκέφαλον
270 2673 405 2752 κεφαλὴν
428 2683 487 2733 τῶν
511 2671 581 2752 μετὰ
603 2681 695 2733 ταῦτα
719 2672 938 2732 στασιασάντων
961 2671 1034 2732 κατά
1056 2681 1116 2732 τῶν

92 2781 272 2852 χριστιανῶν
299 2771 349 2832 καὶ
377 2772 428 2833 τδν
457 2771 582 2850 μάταιον
608 2773 720 2848 Θωμᾶν
747 2769 881 2848 κεφαλὴν
908 2768 958 2829 καὶ
985 2768 1115 2850 ἀρχηγόν
1129 2791 1154 2830 ιι

168 2958 201 3005 15
222 2950 283 3005 Gal.
300 2958 324 3017 1,
340 2958 364 3005 6.
384 2984 420 2992 -
440 2957 545 3004 20-23
564 2953 599 3019 cs.
614 2949 740 3019 Theoph.
754 2968 783 3019 μ.
799 2955 860 3018 499,
876 2956 900 3003 6.

167 3110 337 3182 2ἀρμίνιος
355 3112 413 3167 AV.
438 3144 472 3152 —
496 3111 578 3166 ὁκαὶ
601 3109 769 3235 παραβάτης
787 3110 835 3162 BV
859 3109 874 3163 ὁ
895 3106 1042 3178 πατρίκιος
1066 3111 1114 3163 καὶ

95 3182 262 3252 παραβάτης
280 3184 312 3237 R.
333 3215 366 3223 -
391 3189 407 3235 3
431 3184 480 3237 καὶ
501 3191 591 3252 μῆνας
609 3182 683 3235 ΔΙιὶὶ
711 3225 715 3235 .
736 3213 769 3221 -
795 3186 828 3235 10
847 3180 982 3248 λυττησας
999 3180 1059 3236 NV.
1080 3213 1113 3220 -

97 3258 128 3304 11
148 3254 198 3307 καὶ
217 3254 356 3310 θεόδοτον
373 3255 422 3307 ΑΒ
446 3255 494 3308 καὶ
512 3272 563 3309 om.
582 3254 642 3307 rell.
664 3284 697 3292 —
723 3259 809 3308 11.12
829 3256 920 3320 δῆθεν
938 3251 1114 3322 πατριάρχην

96 3321 226 3379 01111-
241 3332 273 3378 12
288 3325 380 3394 ἀνδρα
395 3326 498 3394 άλομον
507 3325 533 3378 R
547 3325 640 3392 ἀνδρα
654 3326 706 3379 άλο
725 3325 831 3378 ότατον
841 3323 874 3378 V.
891 3356 924 3364 -
940 3329 973 3378 13
988 3325 1036 3378 καὶ
1050 3331 1114 3380 ante

96 3394 183 3462 μηδὲν
202 3414 251 3451 om.
267 3397 301 3450 N.
317 3430 352 3437 —
372 3404 405 3451 15
424 3399 552 3469 Παῦλον]
572 3396 689 3465 φαόλων
707 3345 741 3450 ὶὶ.
756 3428 790 3436 -
811 3396 856 3450 ἐπὶ
876 3395 992 3464 φαόλων
1006 3394 1113 3448 BERV

97 3465 158 3517 etD
174 3485 208 3521 m.
224 3475 239 3523 1
264 3469 311 3524 ἐπὶ
329 3473 439 3537 φαῦλον
454 3468 509 3523 ΟΜ
528 3468 590 3524 etl)
609 3487 643 3522 m.
659 3473 678 3522 2
697 3468 853 3536 ἐπιφαῦλον
869 3468 889 3519 L
909 3467 1066 3535 ἐκιφαόλον
1080 3467 1112 3520 Α.

98 3566 131 3575 —
150 3543 183 3591 21
203 3538 318 3610 κομὶτης
330 3539 417 3610 ἀστὴρ
432 3540 488 3594 LV.
504 3572 538 3580 —
557 3539 680 3606 σελήνων
694 3539 745 3592 AR
759 3535 904 3608 (σεληνίων
918 3537 1062 3607 Theoph.).
1079 3569 1112 3576 —

99 3612 133 3659 24
150 3617 206 3664 τῶν
224 3629 274 3665 ουκ.
289 3611 348 3665 RV.
369 3645 402 3652 —
422 3619 456 3666 25
474 3613 523 3666 καὶ
540 3611 634 3666 τὸν-
642 3628 671 3679 p.
688 3616 748 3676 778,
765 3617 778 3664 1
798 3619 966 3680 χριστιανῶν
984 3609 1112 3664 ουκ-ΑΜ.
