2617 3909
541 234 730 285 XPONIKON
1079 230 1142 295 631

133 381 283 461 δυνάμεις.
319 380 392 443 ἀλλὰ
415 380 475 461 μὴν
497 379 547 441 κοιλ
568 380 654 460 ῆλιον
676 380 727 442 καλ
748 381 877 460 σελήνην
898 378 949 442 καλ
970 380 1041 453 τοὺς
1062 377 1144 441 ἀστέ-

133 502 187 561 ρας
213 478 264 541 καλ
286 478 361 541 αιἰτδι
383 488 435 559 τῆς
458 478 551 559 αὐτῆς
577 488 636 540 τῶν
658 483 785 560 λογικῶν
807 478 912 553 ἓνάδος
939 476 1011 540 δντα
1036 477 1070 540 ἐκ
1092 487 1145 558 τῆς

134 576 182 639 ἐπλ
204 577 239 639 τὰ
260 580 345 659 χείρω
368 587 479 660 τροπῆς
500 586 586 640 τοῦτο
608 575 761 658 γεγονέναι
783 576 854 657 ὅπερ
876 576 961 657 εἰσίν,
983 576 1020 637 τά
1041 573 1074 637 δὲ
1096 574 1145 638 ἐπὶ

132 680 235 737 πλεῖον
261 685 314 756 τῆς
340 676 427 749 θείας
453 674 570 758 ἀγάπης
598 671 794 756 ἀποψυγέντα
819 673 922 756 λογικὰ
948 673 1049 755 ψυχάς
1076 671 1144 735 δνο-

133 766 288 853 μοισθῆναι
320 771 370 835 καλ
398 774 512 853 σώμασι
538 770 712 855 παχυτέροις
738 777 801 847 τοῖς
826 765 900 833 καθ’
924 768 1005 851 ἡμᾶς
1034 770 1143 852 ἕμβλη-
1170 792 1183 834 ι

132 876 238 952 θῆναι,
265 870 300 932 τδι
323 869 355 932 δὲ
382 869 431 933 ἐπὶ
457 869 490 931 τὸ
512 868 605 953 ἀκρον
631 874 685 950 τῆς
706 871 812 944 κακίας
833 868 993 949 ἕληλακότα
1016 874 1145 952 ψυχροῖς

130 968 181 1030 κοιλ
204 971 340 1051 ζοφεροῖς
366 967 529 1047 ἐνδεθῆναι
555 968 671 1047 σώμασι
695 967 747 1029 καλ
773 968 917 1047 δαίμονας
940 964 1093 1049 γεγονέναι
1114 989 1145 1029 τε
1241 964 1261 991 ”

130 1066 182 1128 καλ
209 1064 425 1153 ὀνομασθῆναι
471 1063 522 1126 κοιλ
549 1064 593 1127 ότι
620 1065 650 1138 ἐξ
679 1064 834 1147 ἀγγελικῆς
862 1063 917 1144 μὲν
943 1065 1144 1138 καταστάσεως

130 1164 246 1246 ψυχικὴ
267 1166 378 1246 γίνεται
402 1163 590 1244 κατάστασις,
618 1162 651 1225 ἐκ
678 1161 711 1224 δὲ
733 1171 864 1243 ψυχικῆς
891 1163 1092 1243 δαιμονιώδης
1114 1185 1143 1224 τε

130 1260 182 1323 καλ
208 1260 402 1343 ἀνθρωπίνη,
430 1260 482 1323 ἕνα
507 1258 539 1323 δὲ
561 1268 637 1322 νοῶν
660 1260 754 1340 μόνον
780 1260 814 1322 ἐκ
840 1261 938 1340 πάσης
964 1270 1017 1341 τῆς
1038 1259 1143 1334 ἀνάδος
1158 1282 1185 1323 ιο

109 1369 191 1437 Ιτῶν
222 1363 348 1441 λογικῶν
379 1357 544 1439 ἀκλόνηιον
576 1364 675 1437 μεῖναι
710 1357 760 1419 καλ
795 1357 937 1438 ἀκίνητον
971 1368 1025 1439 τῆς
1057 1359 1144 1432 θείας

132 1455 251 1539 ἀγάπης
280 1455 331 1518 καλ
362 1457 506 1538 θεωρίας,
542 1453 575 1530 ός
606 1455 655 1518 καλ
687 1455 814 1536 Χριστὸς
844 1455 895 1518 καλ
926 1457 1063 1537 βασιλεὺς
1093 1454 1144 1517 καλ

132 1552 294 1637 ἀνθρωπος
321 1552 449 1636 γέγονεν.
495 1553 545 1615 καλ
572 1554 617 1616 ότι
643 1553 787 1634 παντελὴς
814 1554 894 1617 ἔσται
918 1564 977 1617 τῶν
1000 1554 1144 1635 σωμάτων

131 1650 290 1736 ἀναίρεσις,
313 1652 407 1715 αὐτοῦ
428 1661 482 1714 τοῦ
499 1653 606 1734 κυρίου
628 1662 747 1736 πρῶτον
768 1650 986 1732 ἀποτιθεμένου
1009 1652 1042 1715 τό
1065 1653 1144 1715 Πιον

132 1759 216 1830 σῶμα
232 1749 284 1812 καλ
297 1760 356 1812 τῶν
369 1755 481 1812 λοιπῶν
498 1748 646 1813 ἀπάντων.
678 1750 730 1812 καλ
747 1750 791 1813 ότι
809 1749 1037 1830 ἀνακομίζονται
1053 1751 1143 1812 πάλιν
1157 1772 1183 1813 ιτ

131 1849 258 1922 άπαντες
280 1850 324 1922 εἰς
345 1848 401 1929 τὴν
424 1849 519 1930 αὐτὴν
541 1848 633 1911 ἓνάδα
655 1848 706 1910 κοιλ
727 1851 861 1931 γίνονται
882 1847 964 1929 νόες,
988 1847 1071 1909 καθὰ
1093 1847 1144 1910 καλ

130 1945 163 2008 ἐν
196 1956 232 2032 τῆ
264 1948 446 2030 προϋπάρξει
479 1947 653 2029 ἐτύγχανον,
689 1944 970 2025 ἀποκαθισταμόνου
1006 1947 1143 2026 δηλονότι

129 2042 180 2105 καλ
202 2043 295 2106 αὐτοῦ
317 2053 370 2106 τοῦ
393 2044 535 2125 διαβόλου
561 2044 612 2106 καλ
633 2052 694 2105 τῶν
715 2049 828 2106 λοιπῶν
851 2043 1003 2122 δαιμόνων
1023 2043 1067 2115 εἰς
1088 2041 1144 2121 τὴν

130 2142 225 2222 αότῆν
252 2141 343 2203 ἓνάδα
370 2141 421 2203 καλ
447 2152 507 2203 τῶν
530 2139 646 2221 ἀσεβῶν
673 2140 722 2202 καλ
749 2138 851 2203 ἀθέων
872 2138 1046 2220 ἀνθρώπων
1073 2140 1144 2219 μειδι

130 2237 189 2300 τῶν
212 2240 306 2300 θείων
328 2237 379 2299 καλ
401 2238 561 2319 θεοφόρων
584 2237 704 2319 ἀνδρῶν
726 2236 776 2299 καλ
798 2246 857 2299 τῶν
880 2236 1029 2318 οὐρανίων
1051 2238 1143 2300 δυνά·
1157 2260 1184 2300 ιο

131 2357 210 2414 μεων
232 2333 283 2395 καλ
305 2336 360 2415 τῆν
379 2335 474 2415 αὐτὴν
492 2335 617 2408 ἓξόντων
639 2334 746 2397 ἕνωσιν
768 2335 842 2416 πρὸς
860 2335 911 2397 τὸν
929 2334 1014 2415 θεόν,
1037 2332 1144 2396 ὁποίαν

130 2432 199 2513 ἔχει,
213 2430 263 2493 κοιλ
285 2429 302 2493 δ
325 2432 466 2514 Χριστός,
493 2431 597 2506 καθὼς
623 2431 675 2493 καλ
701 2440 908 2514 προϋπῆρχον,
935 2431 975 2507 ὡς
997 2433 1144 2513 μηδεμίαν

130 2524 207 2592 εἶναι
230 2529 380 2612 διαφοράν
402 2537 442 2615 τῷ
461 2534 578 2615 Χριστῷ
602 2530 676 2612 πρὸς
702 2530 739 2591 τδι
756 2529 845 2593 λοιπά
867 2531 968 2613 λογικὰ
995 2535 1144 2604 παντελῶς

129 2625 196 2690 οότε
224 2637 258 2714 τῆ
287 2628 374 2713 οόσίρι
406 2626 473 2690 οὔτε
500 2637 535 2715 τῆ
563 2628 671 2711 γνώσει
702 2627 769 2692 οότε
796 2638 831 2714 τῆ
860 2627 984 2710 δυνάμει
1014 2627 1080 2692 οότε
1107 2638 1142 2715 τῆ

128 2726 266 2817 ἐνεργείᾳ.
313 2724 329 2788 ό
347 2725 403 2809 γάρ
424 2749 469 2789 τοι
487 2727 673 2810 Πυθαγόρας
695 2726 790 2809 ἀρχὴν
807 2736 867 2789 τῶν
889 2727 1010 2789 πάντων
1032 2727 1143 2807 ἔφησεν
1156 2748 1183 2790 ιι

129 2818 206 2886 εἶναι
224 2823 279 2904 τήν
297 2824 424 2906 μονάδα,
446 2824 497 2886 καλ
514 2825 604 2888 πάλιν
622 2826 809 2907 Πυθαγόρας
826 2824 877 2886 κοιλ
894 2825 1022 2886 Πλάτων
1045 2825 1143 2904 δῆμόν

128 2944 194 2984 τινα
217 2932 324 3003 ψυχῶν
347 2920 512 3003 ἀσωμάτων
533 2923 663 2997 εἰπόντες
685 2922 735 2985 καὶ
753 2922 804 2997 τὰς
823 2921 968 3004 ἁμαρτάδι
985 2915 1048 2983 τινλ
1062 2943 1142 3004 περι-

200 3081 305 3129 95-96
320 3074 487 3131 Theodoret.
503 3076 598 3133 Graec.
614 3076 661 3132 aff.
677 3094 733 3131 cur.
748 3074 774 3129 11
790 3075 888 3147 Migne
902 3073 979 3129 Tom.
995 3079 1039 3143 83,
1049 3074 1141 3130 833A.

128 3152 234 3217 26—10.
250 3152 311 3215 632,
326 3153 342 3201 3
362 3145 466 3203 Theod.
481 3149 516 3203 ιλι.
532 3148 558 3203 V
575 3148 672 3221 Migne
691 3153 743 3202 928
754 3147 781 3202 (λ

200 3276 216 3325 9
230 3280 354 3344 ψυχικῆς
363 3270 465 3327 ABPV
478 3280 528 3343 τῆς
536 3279 659 3344 ψυχικῆς
668 3272 728 3327 rell.
739 3302 773 3312 -
788 3276 822 3326 10
832 3269 921 3340 μόνον
935 3278 1004 3325 νοῦν
1013 3270 1040 3324 N
1054 3269 1142 3340 μόνον

127 3356 177 3397 σοι.
189 3341 225 3396 Β.
246 3374 279 3383 -
300 3349 334 3397 15
351 3342 437 3398 πάλιν
456 3360 506 3399 om.
521 3345 546 3398 A
561 3350 624 3413 post
637 3341 765 3414 γίνονται
778 3344 830 3398 im.
845 3342 876 3396 B.
894 3373 928 3381 -
949 3347 982 3395 16
1000 3341 1104 3404 πάντες
1117 3343 1142 3394 Α

128 3412 225 3539 συκέΒ.
241 3419 327 3539 -017
349 3414 378 3469 ἐν
396 3415 442 3487 τῇ]
463 3414 493 3471 ἐν
512 3406 568 3487 ᾗΙδ
587 3414 629 3470 ἑνλ
644 3414 672 3469 Ο.
692 3447 727 3455 -
746 3419 781 3468 20
798 3414 923 3486 ἀνδρῶν]
940 3414 1103 3481 ἀνθρώπων
1116 3412 1143 3466 V

127 3502 183 3539 πατ
199 3504 256 3553 ρων
298 3528 303 3539 .

200 3614 215 3662 9
234 3628 263 3665 τε
281 3610 378 3684 οιιιιΡ,
