2617 3909
176 213 242 278 552
489 217 675 269 Γπιιεαιοω
693 217 876 270 nomer

176 362 289 442 σθένην
307 362 506 446 ἀγράμματον.
543 365 575 425 οἱ
591 365 704 426 Γότθοι
721 374 818 438 κακῶς
835 364 961 445 ἐχρῶντο
980 371 1018 448 τῷ
1035 364 1192 442 Οὐάλεντι,

175 457 241 522 δδέ
260 461 339 522 αἰτεῖ
351 460 403 522 τὸν
421 462 576 524 θειότατον
597 462 846 525 Οὐαλεντινιανδν
869 462 921 524 τὸν
941 461 1072 542 ἀδελφὸν
1095 462 1190 524 αὐτοῦ

174 556 291 638 πέμψαι
314 559 392 643 αύτῷ
413 559 535 639 στρατὸν
557 559 599 632 είς
622 559 778 639 βοήθειαν.
824 560 914 634 αὐτὸς
936 558 968 622 δέ
992 561 1046 622 ούκ
1069 559 1190 640 ἔδωκεν,

174 655 245 718 ἀλλὰ
264 656 312 718 καὶ
331 656 519 719 έπωνείδισεν
538 654 577 730 ὡς
596 657 742 736 αἱρετικὸν
760 656 810 718 καί
824 659 1008 738 κακόφρονα,
1026 657 1119 719 εἰπὼν
1141 659 1187 720 ότι

147 753 210 818 τού
234 755 288 835 χρὴ
312 754 473 833 ἐπαμύνειν
496 753 583 836 ἀνδρί
606 760 784 833 πολεμοῦντι
806 755 888 817 θεόν.

237 848 289 912 Ἐν
311 851 412 937 ἐκείνῳ
441 851 472 914 δέ
495 859 534 937 τῷ
553 853 649 938 χρόνῳ
677 852 748 931 μετὰ
775 851 828 932 μς’
851 853 1006 928 ἐνιαυτούς
1028 865 1080 934 τῆς
1104 856 1188 937 ίερω-

172 949 266 1028 σύνης
289 949 381 1012 αὐτοῦ
405 949 475 1030 μετὰ
498 950 625 1023 πολλοὺς
647 949 765 1032 ἀγῶνας
787 950 837 1012 καὶ
860 951 987 1024 πολλοὺς
1010 961 1062 1032 τῆς
1082 951 1187 1034 ἐγκρα-

171 1049 249 1120 τείας
276 1049 441 1127 στεφάνους
461 1045 639 1122 Ἀθανάσιος
667 1045 829 1129 ἡσύχασεν,
854 1048 970 1131 Πέτρον
993 1048 1187 1124 διαδέξασθαι

172 1144 263 1206 αὐτὸν
283 1145 433 1228 προειπὼν
452 1147 503 1210 τὸν
521 1145 745 1225 κοινωνήσαντα
763 1146 841 1231 αύτῷ
856 1156 916 1207 τῶν
933 1149 1081 1227 θλίψεων,
1101 1148 1186 1209 Λού-

132 1269 158 1308 10
171 1266 235 1316 κιος
263 1243 294 1306 δέ
321 1244 479 1319 ἐπίσκοπος
509 1242 551 1306 ὢν
578 1255 631 1324 της
658 1255 717 1305 τῶν
742 1239 901 1327 Ἀρειανῶν
928 1245 1064 1325 αἱρέσεως
1091 1267 1185 1328 παρα-

70 1365 111 1408 455
126 1366 156 1407 M.
171 1352 267 1422 χρῆμα
291 1341 331 1416 ὡς
354 1343 442 1416 λύκος
465 1342 512 1405 έπλ
535 1344 669 1425 πρόβατα
693 1342 835 1423 ὥρμησεν.
881 1342 930 1404 καί
955 1340 970 1403 ὁ
994 1341 1047 1423 μέν
1071 1343 1185 1424 Πέτρος

170 1439 284 1514 εύθέως
306 1441 349 1513 είς
372 1441 426 1521 τὴν
440 1436 555 1520 Ῥώμην
577 1440 741 1520 ἀπέφυγεν,
759 1441 893 1514 Λούκιος
916 1439 948 1502 δέ
971 1442 1065 1514 οὕτως
1087 1442 1129 1516 είς
1152 1443 1185 1503 τὸ

170 1531 243 1616 αἷμα
265 1549 324 1600 τῶν
346 1537 519 1658 ἀνθρώπων
541 1536 753 1621 έπορεύετο,“
737 1563 778 1613 ως
804 1536 880 1618 μηδὲ
907 1547 1004 1619 σχῆμα
1031 1549 1084 1619 τῆς
1106 1546 1184 1619 θρη

131 1755 156 1795 1⁵
170 1742 296 1794 τοσαῦτα
315 1757 364 1794 και
354 1732 477 1806 υύτως
495 1734 600 1814 αἰσχρὰ
618 1733 692 1795 κατὰ
709 1745 769 1796 τῶν
782 1732 943 1816 παρθένων
962 1744 1014 1813 τῆς
1030 1734 1185 1814 ἐκκλησίας

170 1829 220 1890 καί
242 1841 301 1892 τῶν
323 1830 615 1913 έγκρατευομένωνέ
615 1831 723 1913 γένετο,
746 1826 794 1893 σία
817 1829 924 1892 ούδὲέ
926 1856 943 1891 ν
963 1838 1024 1905 τοῖς
1042 1834 1185 1913 διωγμοῖς

170 1937 228 1989 τῶν
242 1923 394 2052 Ελληγων
417 1936 595 2011 γεγενησθαι
618 1930 840 2052 μγημονεύεται.
883 1928 920 1990 ού
939 1930 1033 2009 μόνον
1056 1927 1087 1991 δέ
1110 1929 1184 1992 ἀλλὰ

169 2050 219 2088 και
241 2027 297 2107 την
319 2028 429 2111 έρημον
452 2028 575 2111 ἐπόρθει
601 2028 651 2089 καὶ
674 2028 803 2107 πόλεμον
827 2033 889 2100 τοῖς
911 2024 1169 2108 ησυχάζουσινπ
1132 2028 1184 2090 έπ-

169 2148 286 2244 ηγμγεν.
326 2133 402 2208 τρεῖς
419 2126 475 2207 γὰρ
494 2127 626 2207 χιλιάδας
644 2125 721 2206 δμοῦ
741 2124 816 2185 κατὰ
834 2123 889 2203 την
907 2124 1017 2244 έρημον
1036 2125 1183 2188 ἀπέστειλε

130 2246 156 2286 ιο
170 2223 239 2297 τούς
264 2224 412 2305 μοναχοὺς
434 2230 581 2304 πολεμεῖν,
605 2248 633 2286 οι
627 2222 685 2285 δέ
704 2223 854 2305 ἐρχόμενοι
871 2222 976 2283 καινὸν
998 2217 1078 2297 εἶδος
1096 2223 1182 2287 πολέ-

169 2343 227 2399 μου
249 2321 360 2402 ἑώρων·
385 2324 417 2383 οἱ
431 2322 487 2404 γάρ
505 2321 660 2384 ἀντίπαλοι
678 2320 782 2393 καθὼς
799 2317 963 2398 ἐπέμποντο
981 2320 1051 2394 τοὺς
1068 2321 1182 2383 ἑαυτῶν

168 2416 294 2498 αύχέυας
316 2425 377 2492 τοῖς
398 2421 514 2499 ξίφεσιν
535 2418 713 2499 ὑπέβαλλον,
735 2417 786 2479 καὶ
809 2415 897 2479 οὐδέν
920 2415 990 2479 ἀλλο
1008 2416 1132 2499 ἤκουον,
1155 2421 1184 2481 εἰ

84 2567 86 2572 ,
169 2516 208 2596 μὴ
233 2525 332 2578 τοῦτο·
356 2511 379 2578 ὦ
404 2519 480 2596 φίλε,
504 2513 576 2578 δῖὸ
600 2516 777 2599 παρεγένου;

235 2613 319 2674 Κατδι
337 2613 389 2675 τὸν
407 2613 498 2676 αὐτὸν
520 2615 624 2696 καιρὸν
643 2616 675 2676 οἱ
690 2625 749 2676 τῶν
768 2624 905 2694 μοναχῶν
928 2614 1049 2696 πατέρες
1070 2621 1110 2698 τῷ
1124 2617 1182 2702 βίρ)

128 2734 154 2775 25
168 2709 218 2770 καλ
245 2721 280 2795 τῇ
309 2710 377 2796 ἀξίηι
403 2721 455 2791 τῆς
482 2711 674 2793 ἀρχαιότητος
700 2713 861 2795 Μακάριος
887 2711 938 2773 καί
959 2707 1105 2793 Ἰσίδωρος
1131 2713 1182 2774 καὶ

168 2809 328 2890 Μακάριος
360 2807 455 2890 ἕτερος
484 2808 533 2870 καλ
558 2803 751 2890 Ἡρακλείδης
782 2808 832 2870 καί
860 2811 991 2890 Παμβώ,
1020 2803 1181 2873 Ἀντωνίου

240 2978 318 3026 1-5
342 2972 392 3025 Th.
412 2972 441 3026 L.
466 2974 499 3039 cf.
521 2971 633 3026 Cramer
650 2973 702 3026 An.
722 2991 752 3041 p.
772 2978 815 3039 97,
836 2978 867 3025 11
883 2972 948 3026 Exe.
967 2972 1030 3027 Bar.
1054 2974 1179 3043 Theoph.

164 3059 200 3166 χ,
209 3048 264 3167 6111'11
263 3049 310 3168 χρ
315 3044 412 3180 ρρημ.
425 3062 453 3114 p.
470 3050 530 3111 ινα,
546 3049 587 3098 10.
603 3076 638 3084 -
653 3049 740 3097 6-23
755 3044 846 3097 ποορ.
863 3044 897 3110 Π,
913 3049 936 3097 ε.
952 3077 986 3084 -
1006 3051 1102 3114 οι-ρ.
1119 3052 1180 3114 εει,

238 3237 419 3306 δστρατείαν
437 3240 553 3294 RV.-
578 3239 661 3309 4αἱρ
663 3240 755 3294 ετικδν
778 3239 826 3293 καλ
849 3256 899 3294 om
919 3239 1011 3292 N.-
1036 3248 1052 3294 ὁ
1075 3241 1179 3313 θεῷΙλ

163 3313 204 3381 τῷ
218 3310 377 3382 θιῷΒπ-
344 3310 570 3382 -ὃὴσύχασεν
584 3311 632 3365 ΑΒ
646 3262 831 3401 ρέφησύχασεν
850 3310 963 3364 rell.-
984 3318 1015 3365 11
1036 3297 1179 3396 πρόβάτον

166 3365 267 3434 C'Exc.‘
282 3381 316 3434 de
336 3381 398 3434 vire.
418 3381 454 3434 ad
473 3399 553 3436 ovem
571 3383 689 3436 Rufi-
715 3388 748 3434 12
768 3380 895 3444 ούτωςθ
918 3389 944 3436 et
960 3399 1031 3438 rece.
1051 3384 1178 3452 plerique

165 3451 229 3505 Rus.
255 3447 336 3514 οὗτος
354 3452 413 3505 rell.
428 3452 545 3507 Exe—
567 3459 599 3506 15
620 3451 707 3515 οὕτως
720 3452 799 3506 ERV
808 3452 873 3507 Exc.
885 3452 948 3506 Ruf.
970 3451 1050 3518 οὗτος
1063 3455 1123 3508 rell.
1143 3487 1179 3495 -

167 3528 200 3577 19
219 3543 272 3592 γα
257 3540 342 3591 ρ.ονι
362 3521 426 3577 Cet
443 3539 512 3578 rece
528 3524 713 3578 nonnullioe
734 3530 766 3577 21
786 3521 857 3578 καθ
874 3519 981 3577 ὦυῗ-
1001 3532 1034 3578 22
1054 3523 1178 3597 είμ]

165 3594 272 3647 BR-
288 3599 321 3646 25
337 3593 473 3661 ίσήδωρος
487 3594 677 3649 ADLRVm-
697 3601 731 3648 26
749 3597 850 3665 παμβῶ
867 3594 966 3649 ACLV
989 3547 1178 3668 παμμῶλά.η
