2617 3909
205 242 269 306 398
512 243 698 294 ΓιιοΡΓτοτ
715 241 898 294 mmor

205 400 308 472 μηρῶν
331 390 423 471 αὐτῇς
444 389 494 451 καλ
517 390 548 452 τὸ
572 388 675 453 τέκνον
694 386 711 452 ὃ
729 388 782 450 ἐὰν
801 387 870 473 τίκη
893 388 1091 469 καταφάγεται
1113 399 1220 474 κρυφῇ

205 487 255 550 διὰ
282 488 337 569 τὴν
364 488 480 551 ἔνδειαν
502 489 622 551 πάντων
645 487 678 549 ἐν
700 496 735 572 τῇ
759 488 934 571 στενοχωρίᾳ
956 486 1054 570 ἐκείνη
1077 486 1127 548 καλ
1149 490 1222 548 θλί-

110 604 149 643 2⁹8
162 603 192 642 Μ.
207 603 267 667 ψει.
312 586 363 648 καί
385 586 438 672 ἕση
461 586 494 649 ἐν
514 587 664 667 αἰνίγματι
685 584 736 646 καί
758 584 790 647 ἕν
812 587 966 669 παραβολῇ
990 584 1040 646 καί
1061 583 1093 646 ἐν
1111 586 1222 667 διηγή-

205 710 273 767 ματι
296 684 329 747 ἐν
351 694 424 746 πᾶσι
445 690 507 759 τοῖς
533 685 667 763 ἔθνεσιν,
695 683 737 756 είς
760 681 814 756 οὓς
836 681 874 743 ἂν
897 681 1036 767 ἀπαγάγῃ
1059 700 1091 744 σε
1114 684 1222 765 κύριος
1284 746 1291 759 ,

179 799 191 839 ⁶
205 784 273 863 ἐκεῖ,
287 782 342 857 ἕως
356 780 394 844 άν
408 783 605 866 ἐξολοθρεάση
620 800 660 843 σε.
697 780 746 842 καὶ
758 780 1034 859 καταλειφθῇσεσθε
1052 780 1084 843 ἐν
1099 778 1225 866 ἀριθμῷ

204 885 335 963 βραχεῖς,
363 874 436 943 ἀνθ’
460 873 502 942 ὧν
530 880 574 942 ὅτι
601 872 652 959 ἦτε
679 877 747 941 ὡσεί
773 877 809 939 τά
830 876 922 961 άστρα
945 887 997 940 τοῦ
1021 878 1154 955 οὐρανοῦ
1178 886 1221 963 τῷ
1291 933 1292 936 ,

205 979 329 1059 πλήθει,
357 978 407 1039 καλ
434 978 490 1041 οὐκ
516 978 704 1057 είσηιιούσατε
727 986 780 1057 τῇς
803 985 908 1055 φανῇς
934 976 1041 1056 κιτρίου
1066 985 1118 1037 τοῦ
1141 982 1221 1038 θεοῦ
1291 1035 1292 1038 ,

205 1077 298 1157 ὑμῶν.
350 1075 400 1139 καί
429 1077 508 1139 ἔσται
539 1074 576 1138 δν
607 1076 718 1157 τρόπον
748 1074 909 1156 εὐφράνθη
934 1074 1037 1155 κύριος
1066 1068 1115 1151 ἐφ’
1145 1073 1221 1153 ὑμῖν
1291 1129 1292 1150 ,

206 1168 239 1235 εὖ
258 1184 381 1255 ποιῇσαι
397 1174 448 1236 καλ
466 1180 620 1254 πληθῦναι
637 1172 726 1253 ὑμᾶς,
744 1172 838 1245 οὕτως
855 1171 1097 1253 εὐφρανθήσεται
1114 1172 1221 1252 κάρτος

167 1288 192 1329 10
207 1266 255 1351 ἐφ’
276 1272 348 1351 ὑμῖν
371 1271 580 1354 ἕξολοθρεῦσαι
600 1272 688 1351 ὑμᾶς,
709 1270 760 1331 καὶ
778 1269 979 1351 ἕξαρθῇσεσθε
996 1267 1055 1331 άπὸ
1074 1278 1127 1349 τῇς
1146 1267 1220 1350 αἰγα-

206 1377 266 1450 θῇς
293 1380 348 1452 γῇς
375 1370 505 1450 ἐκείνης,
535 1370 585 1431 καὶ
613 1371 768 1451 διασπερεῖ
785 1386 816 1429 σε
838 1368 941 1448 κύριος
963 1366 979 1429 δ
1003 1365 1075 1439 θεός
1097 1384 1153 1428 σον
1177 1368 1221 1440 εἰς

205 1470 302 1530 πάντα
324 1468 360 1529 τὰ
382 1469 459 1547 ἔθνη
482 1462 533 1529 ἀπ’
555 1466 648 1548 άκροο
672 1476 725 1546 τῇς
746 1476 802 1547 γῇς
823 1464 873 1527 καὶ
895 1463 950 1539 ἕως
970 1463 1065 1546 άκροο
1083 1474 1135 1545 τῇς
1153 1475 1219 1546 γῇς,

206 1565 278 1627 ἀλλὰ
305 1564 355 1626 καὶ
382 1565 415 1627 ἐν
442 1571 503 1638 τοῖς
525 1565 645 1626 ἔθνεσιν
668 1563 790 1636 ἐκείνοις
813 1564 869 1626 οὐκ
890 1561 1054 1624 ἀναπαύσει
1077 1580 1123 1642 σε,
1148 1562 1219 1625 οὐδὲ

207 1662 248 1742 μὴ
271 1662 392 1745 γένηται
415 1664 513 1737 στάσις
536 1668 574 1747 τῷ
595 1663 668 1743 ίχνει
690 1672 749 1723 τῶν
771 1662 873 1723 ποδῶν
895 1678 960 1722 σον.
995 1659 1046 1721 καὶ
1065 1661 1152 1722 δώσει
1171 1679 1219 1723 σοι

167 1776 192 1818 1⁵
207 1762 309 1842 κύριος
331 1760 396 1823 ἐκεῖ
412 1762 538 1840 καρδίαν
561 1758 741 1839 ἀθυμοῦσαν
763 1758 812 1819 καὶ
835 1758 1020 1832 ἐκλείποντας
1038 1756 1219 1838 ὀφθαλμοὺς

206 1858 257 1919 καί
283 1856 449 1938 τηκομένην
476 1858 593 1938 ψυχήν,
623 1856 673 1919 καὶ
701 1856 866 1942 φοβηθήσῇ
894 1853 1005 1937 ἡμέρας
1026 1856 1077 1918 καλ
1099 1858 1218 1936 νυκτός,

206 1955 256 2017 καί
283 1956 357 2037 ἐρεῖς
384 1956 416 2019 τὸ
443 1956 524 2036 πρωῒ
547 1954 606 2018 άπὸ
633 1965 686 2017 τοῦ
714 1954 814 2035 φόβον
836 1964 889 2034 τῇς
910 1955 1033 2035 καρδίας
1056 1970 1123 2016 σον·
1154 1965 1218 2028 πῶς

206 2052 245 2116 δν
267 2052 379 2136 γίνοιτο
408 2052 527 2134 ἕσπὲρα;
556 2053 605 2113 καὶ
632 2053 665 2115 τὸ
692 2051 814 2132 ἑσπέρας
841 2052 927 2134 ἐρεῖς·
957 2061 1020 2125 πῶς
1043 2049 1081 2114 διν
1103 2050 1218 2133 γένοιτο

207 2156 298 2234 πραεῖς
332 2151 347 2214 δ
376 2150 408 2214 δέ
435 2174 467 2234 γε
492 2146 623 2230 Ἰεζεκιῇλ
650 2150 722 2229 ἔφη’
754 2151 822 2211 τάδε
851 2149 925 2231 λέγει
949 2142 1079 2211 Ἀδωναῒ
1101 2150 1217 2231 κύριος·

167 2266 193 2307 το
209 2250 275 2311 ἰδοὺ
307 2249 363 2332 ἐγὼ
395 2249 445 2311 ἐπί
475 2267 520 2329 σε,
547 2242 750 2331 Ἰερουσαλήμ,
777 2247 827 2309 καὶ
853 2246 967 2325 ποιήσω
995 2246 1027 2308 ἕν
1057 2245 1134 2331 μίσφ
1162 2264 1217 2308 σου

206 2349 296 2427 κρίμα
324 2347 450 2409 ἐνώπιον
477 2357 535 2407 τῶν
562 2346 677 2427 ἐθνῶν,
704 2344 754 2407 καὶ
780 2345 895 2424 ποιησαι
920 2345 953 2407 ἔν
975 2362 1036 2425 σοι,
1064 2342 1143 2406 άού
1166 2366 1217 2407 πε-

206 2446 319 2524 ποίηκα
341 2444 390 2506 καὶ
409 2444 445 2507 οὐ
467 2446 507 2525 μὴ
531 2446 646 2525 ποιήσω
670 2445 757 2523 ὅμοια
779 2442 880 2516 αὐτοῖς
902 2442 943 2505 ἔτι
966 2441 1015 2504 διδι
1037 2442 1072 2503 τδι
1095 2443 1217 2525 βδελύγ-

208 2543 284 2623 ματά
307 2560 362 2605 σου
385 2542 488 2603 πάντα.
526 2542 575 2604 διὰ
598 2551 684 2603 τοῦτο
708 2540 828 2622 πατέρες
850 2541 997 2621 φάγονται
1014 2538 1100 2601 τέκνα
1118 2539 1217 2601 αὐτῶν

279 2723 458 2778 ³Deuteron.
474 2728 516 2789 τε,
532 2727 573 2775 οι.
589 2754 622 2761 -
642 2723 709 2777 το.
723 2740 748 2776 v.
759 2727 806 2787 453
821 2727 916 2791 στερη.
933 2752 965 2760 -
986 2726 1019 2774 19
1033 2721 1079 2774 Ez.
1095 2726 1120 2786 5,
1135 2726 1214 2790 esqq.

280 2900 294 2947 1
310 2890 345 2946 δν
359 2891 472 2945 BOEF.
487 2923 522 2930 —-
536 2897 553 2943 4
568 2889 617 2945 ἐάν
631 2891 657 2945 V
671 2908 721 2945 om.
736 2888 793 2942 FN.
809 2919 842 2928 -
857 2888 984 2959 ίπαγάγη
998 2889 1052 2942 BR
1068 2888 1167 2959 άγάγει
1181 2888 1214 2942 N.

208 2995 241 3004 -
262 2969 277 3017 6
297 2965 349 3035 βρα
369 2962 518 3018 leDeut.
534 2994 569 3002 -
587 2968 603 3016 8
622 2962 701 3031 ἡμῶν
718 2959 825 3014 ABGF.
846 2992 879 3000 -
899 2965 915 3013 9
934 2960 1022 3022 οὕτως
1040 2991 1072 3000 -
1094 2966 1127 3013 10
1146 2960 1216 3028 ὑμᾶς
1290 2971 1291 2986 ’

208 3052 258 3089 om.
278 3034 335 3088 ΒΜ
367 3078 372 3087 .
392 3066 426 3073 -
451 3040 483 3088 12
507 3035 557 3088 καί
575 3050 625 3088 om.
645 3034 709 3087 NR.
734 3064 767 3073 -
792 3030 843 3095 ἕως
865 3031 954 3100 άκροο
978 3032 1063 3100 αὐτῇς
1080 3030 1163 3084 AFN.
1182 3063 1215 3072 -

210 3111 242 3158 1‘1
260 3110 308 3231 ἑτῷ
332 3103 408 3174 πρωῒ
426 3104 611 3159 AOFLMPR.
640 3137 674 3145 —
707 3109 739 3157 18
762 3107 799 3177 τῇ
823 3102 941 3170 ἑσπέρας
964 3103 985 3156 F
1012 3102 1043 3156 τδ
1067 3100 1169 3170 ἑσπέρα
1191 3103 1215 3155 Α

207 3184 240 3247 τῇ
274 3177 362 3251 σπέρμ
380 3177 412 3230 R.

280 3343 295 3389 3
315 3336 345 3391 ἐν
363 3338 538 3408 παραβολαῖς
554 3338 585 3392 P.
605 3368 638 3377 -
662 3342 678 3390 8
697 3334 853 3404 ηὐφράνθη
871 3334 901 3386 Ρ.
921 3365 954 3373 -
974 3340 990 3386 9
1009 3328 1040 3387 εδ
1058 3340 1213 3401 ττοιῇσαι-

211 3412 243 3460 10
263 3404 310 3476 ἐφ’
324 3408 391 3476 ὑμῖν
404 3427 454 3464 om.
469 3408 491 3461 P
505 3426 539 3463 τοι
552 3408 702 3463 λοηιοοοτολ.
717 3438 752 3446 -
772 3411 804 3459 1⁷
820 3405 876 3459 ἀπὸ
890 3424 913 3458 τ.
929 3402 1021 3475 φόβον
1037 3411 1086 3471 τῆς
1099 3403 1214 3472 καρδίας

210 3495 260 3532 σον
283 3495 333 3533 om.
348 3480 370 3533 P
388 3487 414 3534 et
430 3498 454 3534 ο.
470 3485 503 3533 19
518 3486 582 3548 post
594 3477 669 3546 πρωΐ
686 3478 765 3533 τάδε
782 3477 839 3529 άπὸ
858 3484 907 3529 τοῦ
926 3473 1017 3546 φόβου
1035 3482 1085 3543 τῇς
1100 3473 1214 3542 καρδίας

215 3565 264 3603 σον
287 3545 321 3604 οδ
345 3550 495 3622 φοβηθήση
518 3551 567 3604 καλ
590 3550 646 3604 ἀπὸ
670 3557 724 3601 τῶν
748 3546 895 3616 δραμάτων
917 3554 973 3599 τῶν
993 3544 1148 3614 ὀφθαλμῶν
1165 3564 1213 3601 σου

209 3618 304 3691 δίψη
325 3638 386 3676 cum
404 3621 552 3677 Deuteron.
666 3692 670 3699 Ι
