2617 3909
548 269 737 319 XPONIKON
883 239 886 242 ’
1088 268 1154 333 569

134 414 361 476 τῶντοιούτων
383 414 561 493 ἐπιστημῶν.
602 414 764 495 ύπολαβδον
787 413 819 477 δὲ
838 414 854 477 δ
873 416 973 487 πάπας
996 409 1057 477 είπε
1079 415 1154 496 πρὸς

135 511 241 574 αὐτόν·
266 513 310 574 ὅτι
334 510 388 591 μὲν
410 510 511 591 ἀληθῆ
535 512 591 573 είσι
614 511 649 573 τά
667 513 748 595 παρά
768 531 824 574 σον
846 511 987 593 λεχθέντα
1008 519 1048 597 τῷ
1068 518 1154 592 φιλο-

135 611 242 695 χμίστῳ
261 606 347 688 ἡμῶν
363 611 478 690 βασιλεῖ
489 608 682 689 ἐπιστάμεθα,
699 609 855 671 καὶταῦτα
869 610 963 683 ούτως
977 610 1041 689 ἔχει.
1073 610 1154 671 πάνυ

137 706 193 788 γὰρ
213 704 408 786 ἕπαινέσαμεν
427 705 481 784 τὴν
500 706 637 788 ένάρετόν
656 726 711 769 σον
729 709 878 769 πολιτείαν
896 707 929 769 έν
947 708 1049 793 τούτῳ.
1088 704 1151 769 ἀλλ’

136 804 240 883 ἐπειδὴ
263 802 313 865 καὶ
332 805 401 865 θεία
420 804 556 884 βασιλικὴ
579 803 710 879 κέλενσίς
732 805 821 885 ἐστιν,
843 804 894 866 καλ
916 804 1076 886 θεάρεστόν
1095 804 1154 867 ἔστι
1182 828 1194 867 ε

135 902 168 963 τὸ
192 901 483 983 πραγματευόμενον,
514 901 728 984 έκλιπαροῦμέν
751 921 783 964 σε
805 903 962 965 ἐπιδοῦναι
984 902 1089 965 ἑαυτὸν
1112 903 1155 976 είς

137 1000 170 1063 τὸ
194 1008 337 1060 τοσοῦτον
359 997 478 1078 ἀγαθὸν
500 998 664 1080 ἐγχείρημα.
710 1001 787 1084 δύνη
810 1000 866 1081 γὰρ
892 1000 942 1061 διά
964 1010 1017 1080 τῆς
1039 1001 1156 1081 χάριτος

138 1107 192 1159 τοῦ
215 1103 292 1157 θεοῦ
319 1106 372 1177 τῆς
395 1096 536 1176 δοθείσης
560 1115 606 1158 σοι
629 1096 757 1178 εὐσεβῶς
780 1096 830 1158 καί
853 1096 1018 1179 θεαρέστως
1045 1097 1155 1170 αύτούς

136 1195 310 1274 παιδεῦσαι,
343 1192 379 1254 ού
410 1193 470 1273 μην
503 1192 576 1254 ἀλλά
607 1192 658 1255 καὶ
689 1194 736 1255 ἐπὶ
763 1204 798 1280 τῇ
828 1196 991 1279 φιλοσοφίᾳ
1024 1196 1155 1276 μεγάλως

136 1291 249 1364 αύτούς
272 1289 433 1372 ὠφελῆσαι,
456 1292 602 1353 δεικνύων
625 1291 726 1365 αὐτοῖς
748 1291 800 1365 τὰς
822 1291 944 1371 πομπάς
966 1291 1015 1352 καὶ
1038 1292 1155 1374 αἰσχρά·
1169 1316 1195 1355 ιο

137 1413 226 1469 τητας
253 1399 313 1450 τῶν
340 1391 493 1470 δνσσεβῶν
520 1390 666 1469 εἰδώλων,
697 1387 750 1463 οδς
776 1388 869 1461 θεούς
895 1388 1099 1451 ἀποκαλοῦσιν
1126 1390 1158 1451 οἱ

137 1486 282 1567 ἀλιτήριοι
296 1482 453 1566 Ἕλληνες,
481 1486 531 1547 καὶ
558 1496 611 1548 τοῦ
640 1487 681 1566 μὴ
709 1487 856 1549 πιστεύειν
879 1492 940 1560 τοῖς
962 1482 1032 1568 παρ’
1055 1485 1155 1548 αύτῦν

138 1583 371 1664 μνθενομένοις,
408 1582 481 1645 ἀλλά
512 1583 562 1645 καὶ
595 1586 740 1663 δαίμονας
773 1583 883 1657 αύτούς
914 1583 1074 1646 ἀποκαλεῖν
1105 1583 1155 1645 καὶ

137 1680 333 1762 θριαμβεύειν
360 1680 395 1740 τδι
419 1682 566 1761 μιάσματα
590 1681 688 1744 αύτῦον
715 1681 765 1743 καὶ
794 1682 994 1762 φαντάσματα.
1040 1683 1155 1755 τούτοις

136 1778 188 1840 καὶ
210 1785 272 1851 τοῖς
290 1778 435 1851 τοιούτοις
458 1779 556 1860 λόγοις
576 1781 728 1854 πείσαντες
745 1780 798 1841 τὸν
813 1775 964 1861 Ἀρσένιον
984 1779 1155 1842 ἀπέστειλαν
1169 1802 1195 1843 τε

139 1876 232 1939 αύτὸν
255 1875 325 1955 μετὰ
347 1876 445 1955 πάσης
468 1876 558 1956 δόξης
584 1876 635 1938 καί
657 1887 744 1957 τιμῆς
766 1884 805 1961 τῷ
825 1878 1019 1963 εὐσεβεστάτη)
1042 1881 1158 1960 βασιλεῖ

140 1975 289 2059 Θεοδοσίῳ
316 1973 484 2054 γράψαντες
507 1974 584 2059 αύτῷ
606 1976 623 2036 δ’
645 1998 675 2035 τε
698 1974 836 2056 βασιλεύς
857 1975 906 2036 καὶ
931 1974 947 2037 δ
970 1977 1070 2049 πάπας
1095 1977 1152 2037 ὅτι·

137 2072 212 2134 κατὰ
237 2072 291 2152 την
314 2070 446 2134 κέλευσιν
473 2071 559 2151 ὑμῶν
584 2071 791 2151 ἀπεστείλαμεν
818 2071 891 2151 ύμῖν
914 2070 1093 2154 άνθρωπον,
1121 2070 1154 2145 ὃς

137 2170 297 2249 δυνήσεται
327 2168 397 2249 μετὰ
424 2179 477 2249 τῆς
503 2179 556 2230 τοῦ
584 2176 661 2230 θεοῦ
687 2170 803 2250 χάριτος
830 2168 936 2242 ἀνάξαι
967 2169 1003 2229 τὰ
1031 2171 1154 2247 φίλτατα

138 2278 191 2347 τῆς
217 2267 302 2345 ύμῦν
334 2267 533 2348 γαληνύτητος
565 2265 652 2328 τέκνα
684 2266 717 2327 έν
744 2267 825 2349 πάση
853 2268 946 2350 σοφίᾳ
977 2264 1027 2326 καί
1056 2265 1152 2351 ἀμετη.
1167 2288 1193 2329 εο

137 2362 154 2425 δ
173 2357 230 2426 ούν
245 2358 394 2448 Ἀρσένιος
411 2364 566 2447 παραδούς
583 2363 638 2443 την
658 2364 738 2424 ἰδίαν
756 2362 891 2443 ἀδελφὴν
911 2364 953 2438 είς
971 2370 1152 2446 παρθενῦνα

137 2461 318 2524 ἀπέπλευσεν
336 2461 368 2523 έν
386 2462 708 2524 Κωνσταντινονπύλει.
746 2461 903 2541 δεξάμενος
926 2460 958 2523 δέ
980 2460 1152 2543 ύβασιλεύς

140 2558 299 2632 Θεοδόσιος
321 2558 356 2619 τὰ
379 2559 533 2640 γράμματα
560 2556 610 2619 καί
633 2557 798 2640 ἀναγνούς,
825 2562 1097 2642 προσκαλεσάμενος
1120 2559 1152 2622 δὲ

136 2656 187 2719 καὶ
212 2658 264 2720 τὸν
283 2652 434 2739 Ἀρσένιον
462 2657 558 2736 σχῆμά
584 2679 613 2717 τε
640 2654 690 2717 καὶ
718 2649 797 2734 ἦθος
822 2656 946 2739 εύλαβές
967 2659 1152 2738 θεασάμενος

136 2756 169 2818 έν
202 2755 292 2839 αύτῷ,
325 2753 433 2833 σεμνὸν
465 2752 519 2833 μὲν
551 2753 653 2834 ἔχοντα
684 2753 716 2815 τὸ
744 2764 860 2835 χρῶμα,
891 2755 1031 2818 εὔτακτον
1060 2755 1092 2817 δὲ
1119 2755 1151 2817 τὸ
1166 2777 1191 2817 ετ

137 2851 262 2934 βλέμμα,
285 2852 423 2914 ταπεινὸν
444 2851 476 2912 τὸ
495 2849 636 2933 φρόνημα
659 2852 709 2913 καί
731 2851 798 2933 περί
818 2852 853 2914 τά
871 2859 941 2915 θεῖα
963 2853 1013 2914 καὶ
1030 2852 1152 2936 ἀνθρώ-

137 2973 211 3012 πινα
236 2950 423 3029 σοφώτατον,
451 2948 501 3009 καί
525 2946 624 3022 ἅπλῶς
651 2949 733 3033 πάση
755 2959 791 3033 τῇ
815 2949 889 3011 κατὰ
911 2949 1040 3032 Χριστὸν
1063 2950 1150 3035 ἀρετῇ

135 3045 373 3127 κεκοσμημένον,
401 3046 489 3127 έχάρη
517 3046 610 3128 χαράν
638 3048 775 3127 μεγάλην.
822 3046 871 3107 καὶ
899 3047 937 3126 δὴ
963 3049 1037 3130 πρὸς
1060 3047 1151 3110 αύτὸν

136 3227 350 3240 -,-.,.....--

210 3356 223 3403 1
244 3350 401 3419 ἐπιστήμων
414 3349 469 3403 AF.
485 3380 519 3389 -
538 3354 555 3401 4
570 3347 743 3421 ἐπῃνέσαμεν
756 3349 813 3403 EV.
830 3382 862 3389 -
881 3356 895 3402 ’λ
911 3351 957 3406 έπι
976 3348 1077 3420 είρημα
1091 3351 1151 3405 ER.

136 3455 169 3463 —
192 3428 224 3476 12
244 3421 388 3491 άλητήριοι
407 3420 492 3475 CDF.
514 3453 547 3460 —
570 3426 602 3474 13
622 3419 691 3473 ἀλλὰ
712 3421 760 3475 καί
779 3418 917 3489 δαίμονας
936 3424 961 3476 Α
985 3423 1010 3475 V
1033 3424 1081 3476 καί
1100 3439 1151 3476 om.

134 3494 196 3547 rell.
217 3524 251 3533 ·-
271 3498 304 3545 22
323 3491 492 3547 ἀνέπλευσεν
508 3491 533 3544 V
551 3490 711 3546 ἀπέστειλεν
728 3492 760 3544 Α.
779 3523 811 3531 -
831 3497 866 3545 23
885 3494 916 3548 δὲ
935 3493 984 3547 καί
1002 3510 1052 3547 om.
1068 3494 1097 3546 F.
1117 3525 1153 3532 -

136 3565 167 3621 δέ
182 3564 207 3617 A
224 3584 255 3619 τε
273 3563 333 3617 rell.
352 3596 385 3604 -
405 3569 439 3616 24
458 3563 506 3616 καὶ
522 3564 604 3631 prius
622 3578 673 3616 om.
692 3562 725 3615 R.
746 3594 779 3602 —
800 3568 832 3615 27
853 3562 946 3625 ἁπλῶς
963 3563 1040 3616 ΑΒΡ
1058 3563 1153 3626 ἀτελῶς

136 3635 227 3691 εἰπεῖν
245 3634 305 3689 rell.
322 3667 355 3675 -
374 3634 486 3705 χριστὸν
504 3632 581 3685 ΑΒΡ
603 3633 674 3686 θεὸν
692 3632 752 3688 rell.
1094 3680 1097 3684 .
