2617 3909
193 223 260 287 662
507 222 695 274 mmor
712 221 896 274 nomon

195 372 342 452 μεσούσης
368 371 475 444 νυκτός
501 367 728 448 ἀποδυσάμενος
755 368 810 448 τὴν
839 367 996 449 βασιλικὴν
1023 367 1137 448 ἐσθῆτα
1169 368 1229 430 καὶ
1287 433 1288 440 ¹

196 470 349 549 ἰδιωτικὴν
367 468 567 546 ἐνδυσάμενος
584 467 723 547 εἰσῆλθεν
745 467 787 540 εἰς
806 465 946 546 δρόμωνα
965 465 1022 526 σύν
1039 475 1074 551 τῇ
1093 465 1230 546 γυναικὶ
1288 504 1289 566 ρ

195 568 245 630 καλ
267 573 329 640 τοῖς
351 565 465 640 τέκνοις
492 565 587 626 αὐτοῦ
612 565 734 646 φεύγων
757 563 812 643 την
834 562 1033 625 ἐπανάστασιν
1054 571 1108 625 τοῦ
1132 569 1229 625 λαοῦ.
1288 567 1289 630 λ

196 678 277 728 πάσα
303 666 360 748 γὰρ
388 661 408 743 ἡ
434 663 520 737 πόλις
548 659 588 724 δι’
615 663 686 742 όλης
713 661 820 734 νυκτὸς
847 661 1009 742 αἰσχίσταις
1035 661 1140 742 ύβρεσι
1170 661 1228 722 καὶ

169 764 331 837 ιάπειλαῖς
357 760 450 824 αύτδν
477 761 609 842 ἔβαλλον.
660 759 772 840 ἀνέμου
804 757 836 820 δὲ
867 760 995 842 μεγάλου
1021 758 1227 840 πνεύσαντος,

196 861 246 923 καὶ
269 860 339 940 μετὰ
361 859 513 920 κινδύνων
537 861 680 940 μεγίστων
703 857 745 932 είς
767 857 819 918 τὸν
842 857 929 938 ἀγιον
952 855 1131 937 Αὐτόνομον
1155 859 1228 919 δια·

197 955 306 1028 σωθείς
337 956 528 1036 παραδόξως,
563 955 658 1029 εὐθὺς
690 953 871 1016 ἐπιτίθενται
907 953 986 1039 αύτῷ
1020 954 1227 1036 σφοδρότατον

197 1054 286 1117 πόνοι
307 1052 488 1136 ἀρθρίτιδες,
510 1051 547 1126 δις
569 1053 732 1134 ποδαλγίας
754 1051 804 1114 καλ
827 1053 981 1135 χειράγρας
1004 1057 1156 1115 καλοῦσιν.

97 1254 185 1296 εωοι.
535 1227 608 1312 [λα’.
633 1229 722 1311 Περὶ
748 1226 877 1310 Φωκά]

159 1381 187 1420 ιο
267 1357 356 1420 Μετὰ
383 1354 416 1418 δὲ
439 1357 616 1437 Μαυρίκιον
642 1354 811 1435 ἐβασίλευσε
837 1359 945 1429 Φακᾶς
972 1354 989 1417 6
1012 1356 1226 1435 Καππαδόκης

200 1456 251 1518 καλ
273 1456 419 1538 τύραννος
441 1453 491 1532 ἔτη
510 1450 552 1532 η’.
594 1451 692 1514 ίλθδον
715 1452 771 1534 γὰρ
794 1453 837 1526 είς
859 1452 891 1515 τὸ
907 1447 1060 1534 Ἕβδομον
1083 1454 1142 1515 σὺν
1161 1461 1227 1528 τοῖς

202 1551 368 1634 δμόφροσιν
395 1550 504 1630 αὐτοῦ,
536 1549 586 1610 καλ
618 1559 677 1610 τῶν
705 1555 833 1611 πολιτῶν
860 1549 952 1612 ἐκεῖσε
979 1551 1099 1612 πάντων
1127 1570 1224 1613 συνα-

202 1646 420 1729 θροισθίντων,
445 1646 655 1728 ἀναγορεύεται
678 1647 815 1728 βασιλεὺς
837 1648 879 1720 εἰς
900 1647 952 1709 τὸν
974 1648 1048 1710 ναὸν
1072 1659 1124 1710 τοῦ
1148 1672 1224 1731 προ-

203 1747 328 1826 δρόμου,
350 1743 402 1805 καλ
424 1745 520 1817 οὕτως
541 1745 662 1824 εἰσῆλθε
685 1745 716 1807 τδ
740 1745 833 1808 κακὸν
855 1746 897 1819 εἰς
915 1744 950 1806 τδι
969 1748 1108 1826 βασίλεια.
1152 1747 1224 1826 μετὰ
1294 1726 1295 1768 ³

163 1865 188 1906 ιι
203 1841 235 1905 δὲ
253 1851 345 1903 ταῦτα
363 1843 570 1916 στασιάσαντες
592 1844 625 1904 ολ
644 1844 735 1923 δῆμοι
753 1842 803 1904 καλ
821 1844 987 1924 κράζοντες·
1012 1842 1028 1906 6
1047 1846 1224 1925 Μανρίκιος

202 1940 260 2003 ούκ
282 1938 449 2019 ἀπέθανεν,
476 1938 549 2002 ἀλλὰ
572 1945 669 2014 καλῶς
695 1940 766 2021 ἔχει,
793 1940 867 2020 πρὸς
893 1941 945 2003 τόν
974 1940 1071 2019 φόνον
1097 1947 1223 2004 κινεῖται

203 2040 380 2120 Μαυρικίου
403 2035 419 2098 6
442 2036 591 2119 ἀλάστωρ,
618 2037 669 2100 ιιαλ
692 2038 731 2117 δὴ
754 2039 906 2117 κελεύσας,
933 2037 1015 2118 ἤχθη
1038 2037 1159 2118 δέσμιος
1180 2040 1224 2113 εἰς

203 2137 255 2199 τὸν
277 2136 450 2216 Εύτροπίου
473 2135 584 2215 λιμένα.
630 2136 820 2216 προκολάζων
844 2134 876 2196 δὲ
903 2134 994 2197 αὐτὸν
1021 2133 1036 2196 6
1060 2138 1224 2216 μιαιφόνος

203 2245 239 2319 τῇ
267 2235 380 2318 θεωρίᾳ
411 2231 611 2315 ἀναιρεθῆναι
639 2233 710 2307 τούς
737 2232 822 2294 πέντε
854 2231 979 2315 άρρενας
1009 2234 1096 2306 υἱούς
1128 2234 1223 2296 αύτοῦ

164 2353 191 2393 ιο
204 2332 374 2412 ἔμπροσθεν
409 2331 502 2392 αὐτοῦ
532 2329 685 2412 ἐπιτρέπει.
732 2328 748 2391 6
781 2328 812 2392 δὲ
840 2331 1014 2412 Μανρίκιος
1045 2336 1222 2410 φιλοσοφῶν

206 2441 431 2610 ff
448 2484 572 2552 sseoph.
585 2501 614 2553 p.
625 2487 686 2552 289,
699 2489 739 2537 12.
755 2515 789 2524 —
806 2489 910 2554 14-μ,
927 2489 1032 2552 663,10
1046 2485 1080 2551 cf.
1097 2484 1221 2554 Theoph.

202 2573 232 2626 μ.
302 2597 310 2622 ,
361 2599 366 2610 .

279 2685 294 2733 1
313 2678 365 2748 τὴν
375 2683 432 2730 —2
448 2677 636 2748 ἐνδυσάμενος
649 2696 699 2734 om.
711 2677 735 2732 G
749 2686 774 2734 et
787 2695 856 2734 rece.
872 2679 995 2748 quidam.
1013 2711 1046 2718 —
1066 2685 1081 2732 2
1097 2677 1223 2748 δρόμονα

206 2749 315 2805 ACGN
339 2747 479 2819 δρόμονας
496 2749 529 2802 R.
550 2781 583 2788 —
607 2754 624 2802 4
643 2747 798 2820 αἰσχίσταις
814 2749 965 2804 ABPExc.
991 2748 1142 2821 αἰσχίστοις
1162 2751 1222 2806 rell.

207 2855 242 2864 -
266 2828 282 2877 6
301 2821 436 2893 μεγίστων
459 2820 600 2876 κινδύνων
619 2819 639 2874 C
663 2822 804 2877 κινδύνων
825 2819 951 2892 μεγάλων
969 2819 995 2874 V
1018 2821 1155 2876 κινδύνου
1177 2842 1224 2892 με·

208 2891 304 2966 μίστου
322 2893 388 2947 Exc.
404 2925 431 2932 -
457 2897 474 2946 8
493 2891 699 2961 ἀρθρήτιδεςΡ
717 2889 863 2961 ἀθρίτιδες
875 2891 954 2946 EGV
973 2892 1126 2960 ἀθρήτιδες
1139 2894 1172 2947 Α.
1190 2926 1222 2934 -

207 2963 364 3035 ποδαλγίας
385 2963 542 3032 PTheoph.
570 2961 714 3034 ποδάλμας
735 2963 841 3018 AEGV
868 2961 1015 3033 ποδάγρας
1037 2962 1148 3018 BONR
1158 2963 1222 3019 Exc.

209 3069 243 3078 —
266 3037 413 3108 χειράλγας
431 3035 463 3088 Α.
488 3066 521 3075 -
552 3040 584 3087 12
608 3034 824 3103 ἀθροισθέντων
843 3035 868 3090 V
890 3041 916 3090 αλ
937 3051 1008 3088 rece.
1027 3034 1165 3089 nonnulli.
1190 3063 1222 3076 -

210 3114 243 3161 15
260 3108 310 3161 καλ
333 3124 383 3162 om.
398 3107 455 3159 AB.
479 3137 513 3146 -
538 3111 571 3158 17
590 3103 741 3175 μανρικίου
759 3105 835 3159 ΑΒΡ
858 3114 908 3160 τοῦ
931 3103 1082 3175 μανρικίου
1105 3106 1167 3160 rell.
1189 3139 1222 3148 —

210 3184 245 3232 λθ
264 3177 424 3246 ἔμπροσθεν
441 3178 530 3232 αὐτοῦ
549 3194 599 3231 om.
614 3177 671 3232 BV.

283 3315 298 3363 2
318 3307 532 3379 ἀμφιασάμενος
549 3310 579 3364 P.
595 3340 629 3349 -
648 3315 665 3362 6
685 3311 797 3382 ἔβαλλεν
814 3311 844 3364 P.
861 3341 894 3352 —
914 3316 930 3365 8
948 3311 1023 3372 τινὲς
1041 3314 1175 3366 καλοῦσιν
1193 3311 1222 3366 Ρ.

213 3411 246 3420 -·
268 3384 300 3432 13
320 3380 352 3434 ίν
369 3384 408 3452 τῷ
422 3386 482 3434 ναῶ
497 3380 527 3433 Ρ.
545 3411 582 3421 -
606 3385 711 3434 1'1—20
730 3401 812 3450 μαυρ.
831 3383 979 3450 παρευθδς
997 3381 1012 3435 6
1031 3381 1171 3449 ἀλάστωρ,
1192 3381 1224 3437 δυ

212 3451 241 3505 ἐν
264 3447 417 3519 χαλκηδόνι
439 3435 554 3518 δίσμιον
577 3451 691 3520 ἀγαγὼν
714 3452 754 3513 είς
776 3453 826 3506 τὸν
848 3450 1008 3521 εύτροπίου
1021 3451 1132 3520 λιμένα,
1157 3471 1224 3520 προ-

212 3527 398 3588 αναιροῦνται
416 3519 444 3573 οἱ
461 3521 544 3576 πέντε
562 3521 678 3589 ἄρρενες
696 3522 784 3575 αύτού
802 3525 914 3590 παῖδες,
937 3522 1117 3591 προκολάζων
1139 3524 1225 3578 αύτδν

213 3589 228 3642 6
247 3588 399 3658 μιαιφόνος
415 3597 449 3659 τῇ
467 3588 576 3665 θεωρίᾳ
594 3591 690 3663 ταύτῃ.
725 3591 739 3646 6
759 3593 790 3648 δὲ
808 3594 872 3662 μ.Ρ
891 3594 1013 3664 (Similia
1031 3593 1176 3664 Theoph.)
