2617 3909
523 268 713 319 XPOMKON
1057 266 1122 330 417

110 414 256 493 εἰπόντες,
280 415 371 498 ταότη
395 412 427 475 δὲ
450 412 564 493 μηδένα
585 415 694 496 χρόνον
717 412 881 496 ὁρίσαντες,
904 413 978 475 άλλδι
999 415 1124 477 τούναν-

111 513 176 573 τίον
197 511 338 592 εἰπόντες,
362 512 406 573 ότι
429 510 511 595 μέχρι
534 514 699 584 συντελείας
722 512 801 573 ἔσται
822 509 843 591 ή
866 511 1026 594 ἔρήμωσιςς

169 605 234 671 Ὅτι
257 608 311 689 μὲν
332 602 398 689 οὖν,
420 610 448 670 ει’
464 608 544 683 τέλος
566 610 682 689 ἔμελλεν
700 608 720 689 ή
738 619 876 690 παροῦσα
894 611 1013 672 δουλεία
1031 611 1123 690 λήψε-

110 714 195 788 σθαι,
217 707 267 769 καὶ
289 717 375 770 τοῦτο
395 706 432 769 διν
451 714 593 788 προεῖπον
611 710 643 770 οῖ
659 718 811 790 προφῆται
832 707 882 769 καλ
900 707 956 769 οὐκ
974 708 1123 790 ἕσίχησαν,

109 807 219 879 ἱκανῶς
242 804 434 885 ἀπεδείξαμεν
457 805 508 878 τδις
534 806 731 887 αἰχμαλωσίας
753 804 869 879 ἁπάσας
896 806 967 885 μετδι
993 807 1123 888 προρρή-
1151 828 1163 868 σ

108 922 183 978 σεως
210 904 356 978 δείξαντες
384 903 484 976 αὐτοῖς
507 902 726 984 ἐπενεχθείσας,
753 904 809 983 τήν
831 904 864 966 ἐν
886 904 1045 991 Αἰχάπτρι,
1068 904 1123 983 τήν

107 1002 141 1063 ἐν
163 1003 337 1082 Βαβυλῶνι,
363 1001 419 1082 τήν
445 997 492 1063 ἐπ’
513 998 672 1083 Ἀντιόχου.
717 1001 823 1086 ἑκάστη
850 1001 906 1084 χδιρ
933 1002 1046 1064 τούτων
1073 1002 1133 1063 κοιλ-

107 1098 201 1160 τόπον
224 1098 273 1159 καὶ
296 1099 403 1180 χρόνον
421 1098 723 1181 προανακηρυχθίντα
742 1100 792 1161 διὰ
809 1110 869 1161 τῶν
887 1102 980 1163 θείων
997 1112 1123 1182 χραφῶν

107 1196 308 1275 ἀπεδείξαμεν.
354 1206 389 1282 τῇ
417 1198 554 1281 παρούσῃ
582 1194 614 1258 δὲ
642 1196 740 1271 οὐδεὶς
766 1197 924 1277 προφήτης
947 1198 1033 1280 όόρισε
1056 1199 1123 1279 χρό-

108 1317 181 1375 νον,
211 1290 274 1355 άλλ’
296 1294 340 1356 ότι
363 1292 417 1374 μὲν
439 1294 503 1374 ήξει
524 1292 575 1355 καλ
597 1293 741 1375 ἐρημώσει
763 1296 860 1355 πάντα
882 1295 932 1357 καὶ
955 1297 1124 1375 μεταστήσει
1137 1317 1164 1357 ιο

108 1393 165 1473 τήν
193 1394 342 1454 πολιτείαν
373 1392 423 1454 καὶ
454 1392 524 1472 μετδι
550 1392 644 1454 πόσον
671 1394 779 1473 χρόνον
805 1403 859 1473 τῆς
886 1392 918 1454 ἐκ
944 1395 1124 1473 Βαβυλῶνος

108 1489 259 1552 ἐπανόδου
284 1490 474 1571 συμβήσεται,
496 1495 637 1573 προεῖπεν
660 1488 676 1552 ό
699 1491 824 1571 Δανιήλ,
848 1491 893 1552 ότι
915 1489 947 1552 δὲ
969 1490 1049 1563 τέλος
1067 1490 1124 1564 ἕξει

108 1586 160 1648 καὶ
188 1587 324 1666 στήσεταί
351 1610 411 1649 που
437 1588 473 1649 τδι
499 1588 576 1649 κακά
602 1598 694 1650 ταῦτα
725 1587 792 1651 οίίτε
824 1588 936 1663 ἐκεῖνος
966 1589 1123 1670 ἐδήλωσεν,

108 1683 177 1748 οότε
200 1684 286 1758 άλλος
308 1709 352 1758 τις
374 1686 541 1768 προφήτης,
565 1686 637 1749 άλλδι
659 1686 710 1747 καλ
732 1686 916 1767 τούναντίον,
939 1685 979 1759 ὣς
999 1688 1122 1768 εἴρηται,

106 1790 264 1866 προεῖπεν,
294 1783 338 1844 ότι
361 1782 416 1857 ἕως
438 1785 603 1857 συντελείας
625 1783 745 1859 καθέξει
767 1784 876 1858 αὐτοὺς
898 1781 918 1863 ή
941 1788 1122 1867 ταλαιπωρία
1135 1806 1161 1847 ιο

107 1882 194 1960 αίίτη.
230 1880 280 1941 καὶ
304 1881 380 1960 μάλα
402 1882 528 1955 εἰκότως.
565 1880 615 1943 καί
638 1882 693 1964 χδιρ
717 1888 861 1965 μαρτυρεῖ
876 1888 938 1955 τοῖς
955 1881 1122 1963 είρημίνοις

109 1979 126 2041 ὁ
155 1989 293 2051 τοσοῦτος
321 1980 528 2059 διαγενόμενος
558 1981 663 2061 χρόνος
689 1979 740 2041 καλ
767 1979 834 2042 οὔτε
857 1981 937 2061 ἴχνος
959 1979 1026 2042 οότε
1048 2002 1121 2063 προ-

107 2078 208 2156 οίμιον
231 2086 357 2158 χρηστῆς
376 2079 537 2158 μεταβολῆς
561 2076 774 2159 ἐνδειξάμενος,
796 2076 846 2139 καλ
868 2088 960 2139 ταῦτα
981 2077 1122 2151 πολλάκις

107 2174 356 2256 ἐπιχειρησάντων
388 2174 486 2236 αὐτῶν
518 2173 681 2255 άναστῖχσαι
711 2175 763 2237 τὸν
789 2172 864 2237 ναδν
891 2173 939 2236 ἐπὶ
962 2169 1121 2257 Ἀδριανοῦ
1135 2190 1174 2230 81³
1188 2189 1219 2228 M„

107 2271 159 2335 καῖ
182 2274 411 2335 Κωνσταντίνου
433 2272 484 2334 καλ
504 2269 678 2354 Ἰουλιανοῖι,
700 2272 750 2334 καλ
773 2270 1019 2334 διακωλυθέντων
1040 2282 1120 2354 πρῶ-
1134 2295 1161 2335 ιο

106 2394 161 2433 τον
189 2367 242 2449 μὲν
269 2369 328 2431 δπὸ
356 2380 553 2453 στρατιωτῶν,
581 2372 703 2453 ὕστερον
730 2370 762 2433 δὲ
793 2370 841 2433 ἐπὶ
868 2378 922 2432 τοῦ
948 2371 1121 2451 παραβάτου

105 2468 203 2550 πυρὸς
225 2478 283 2529 τῖον
305 2470 451 2547 θεμελίων
474 2468 696 2548 ἐκπηδήσαντος
724 2468 774 2530 καλ
795 2469 990 2549 κατασχόντος
1012 2467 1121 2541 αὐτοὺς

107 2576 161 2646 τῆς
188 2564 314 2648 ἀκαίρου
342 2567 523 2644 φιλονεικίας
549 2589 579 2628 τε
602 2565 652 2627 καλ
674 2568 875 2649 παραβάσεως.
921 2566 994 2630 ὅθεν
1017 2568 1120 2628 τοίνυν

110 2662 274 2746 λεγέτωσαν
296 2660 380 2744 ήμῖν,
402 2664 482 2738 τίνος
503 2662 589 2726 ἕνεκα
611 2663 643 2725 ἕν
662 2664 803 2750 Αίχόπτφ
827 2662 880 2744 μὲν
898 2674 1038 2726 τοσοῦτον
1056 2665 1121 2725 δια-

179 2850 269 2913 3-μ,
285 2849 346 2911 419,
363 2850 394 2897 17
415 2843 511 2913 Ohsys.
526 2844 561 2900 ib.
576 2844 622 2912 vl,
638 2851 653 2898 2
672 2844 769 2914 Migne
788 2848 847 2898 905.

179 3001 193 3049 1
213 2995 300 3067 ταύτῃ
311 3001 371 3047 -2
390 2993 516 3059 εἰπόντες
534 3012 583 3051 om.
599 2994 731 3051 CEFLR.
746 3026 781 3035 —-
801 3000 816 3048 3
835 2995 873 3065 εί]
891 2994 932 3055 εἰς
949 2993 1077 3048 AOFNV
1094 3002 1120 3050 et

103 3083 176 3121 τοοο.
192 3066 329 3134 nonnulli,
344 3068 383 3121 lit.
399 3084 466 3123 οων.
481 3068 513 3121 m
526 3066 609 3122 ADV.
623 3098 656 3108 —
672 3072 688 3119 5
702 3066 813 3130 τὰς-9
827 3062 1013 3134 ἀπεδείξαμεν
1026 3082 1076 3119 om.
1091 3066 1119 3118 N

105 3156 139 3194 ατ
157 3139 308 3193 λιονιονολιί.
329 3169 361 3178 -
386 3143 400 3191 7
421 3137 467 3192 ἐπὶ
484 3138 564 3191 BFL.
589 3170 623 3178 —-
646 3136 729 3193 ἑκάστ
748 3160 762 3201 ς
780 3136 911 3192 GEFLR.
932 3168 966 3177 -
989 3133 1121 3191 8τόπων

105 3211 155 3264 καλ
173 3207 283 3279 χρόνων
302 3208 378 3264 GRV
400 3206 503 3273 τόπους
526 3210 575 3263 καλ
597 3208 717 3279 χρόνους
759 3252 765 3262 .
789 3240 823 3249 -
848 3214 880 3262 12
901 3207 916 3262 ό
935 3225 985 3263 om.
1004 3208 1058 3261 AF.
1083 3236 1120 3248 -

106 3287 139 3335 15
160 3278 212 3343 ἕως
230 3287 279 3347 τῆς
297 3276 453 3342 συντελείας
471 3280 524 3334 LP.
543 3312 577 3321 -
602 3286 634 3335 16
653 3279 724 3349 αὕτη
742 3297 793 3335 σοι.
810 3280 832 3332 F
851 3286 876 3334 ιλ
892 3296 962 3333 rece.
980 3278 1115 3348 plerique.

106 3384 139 3393 -·
161 3357 194 3406 17
214 3351 263 3405 καλ
277 3350 292 3404 ό
306 3368 362 3407 τοσ.
378 3351 436 3406 AV.
452 3383 485 3391 —
507 3356 539 3405 19
559 3352 651 3406 αὐτῶν
666 3349 899 3421 ἐπιχειρησάντων
913 3351 935 3404 Β
954 3352 1048 3406 αὐτῶν
1065 3367 1115 3404 ουν.

105 3440 176 3477 rece.
192 3422 282 3476 multi.
299 3454 333 3463 -
348 3428 381 3477 20
396 3423 444 3476 καλ
458 3420 663 3477 κωνσταντίνου
677 3422 722 3476 FP
732 3421 793 3476 chr.
809 3438 859 3476 om.
870 3422 895 3474 R
913 3423 962 3475 καλ
975 3438 1116 3475 κωνσταν-

104 3493 168 3549 τίου
186 3492 246 3547 rell.
267 3524 300 3534 —
319 3492 552 3548 διακωλυθέντων
570 3492 770 3548 ABNPVChr.
790 3491 973 3547 κωλυθέντων
992 3491 1115 3545 OEFLR.

179 3653 193 3700 l
216 3644 285 3698 ἀλλὰ
303 3647 351 3699 καὶ
369 3642 536 3700 τούναντίον
554 3644 648 3701 POhr.
667 3674 702 3684 -
720 3649 737 3696 4
756 3652 891 3711 προεῖπον
910 3640 946 3695 δυ
964 3640 994 3694 Ρ.

887 3730 938 3782 27⁸
