2617 3909
518 214 707 264 XPONIKON
942 221 946 230 ¹
1058 212 1123 277 655

102 361 190 436 δαῖός
209 385 253 434 τις
270 361 303 423 ἐν
321 362 632 423 Κοινσταντινουπόλει
655 359 822 440 ύελοεγικὴν
840 359 945 442 ιε’χνην
963 361 1037 441 ἔχων
1054 383 1124 422 παι-

104 461 174 521 δίον
197 458 332 537 ἐκέκτητο
356 457 527 540 μονογενές,
555 455 571 520 6
594 457 644 519 καὶ
667 457 817 540 παρέδωκε
841 459 1008 537 μανθάνειν
1030 459 1123 540 γράμ-

102 580 183 637 ματα
202 559 328 636 πλησίον
342 566 395 636 τῆς
413 556 541 638 μεγάλης
559 555 722 635 ἐκκλησίας.
759 548 826 634 ἦςό
845 557 1031 634 σκευοφύλαξ
1049 556 1123 636 ἔχων

103 657 235 732 λείψανα
258 654 352 716 πολλὰ
374 663 427 734 τῆς
445 653 530 735 ἁγίας
548 653 691 735 τραπέζης
709 652 739 726 ἐξ
763 655 869 714 ἱκανοῦ
887 653 995 735 χρόνον
1018 672 1123 736 προσε-

104 751 248 814 καλέσατο
270 753 381 825 παῖδας
403 752 478 834 πρὸς
501 751 533 812 τό
559 753 729 830 δαπανῆσαι
752 751 835 812 αύτά.
886 745 955 830 μεθ’
982 744 1024 813 ὧν
1052 769 1123 813 συν·
1151 772 1164 812 σ

101 855 181 930 ῆλθε
208 849 258 910 καί
291 850 323 912 τό
349 845 515 912 Ἰουδαϊκὸν
546 849 675 909 παιδίον.
730 847 884 910 άπολυθὲν
914 846 946 909 δὲ
972 848 1028 910 καί.
1050 847 1125 930 πρὸς

103 948 175 1020 τούς
193 953 291 1029 γονεῖς
309 946 411 1027 ἐλθόν,
429 946 524 1026 φησὶν
543 944 559 1008 6
577 946 675 1026 πατὴρ
696 945 801 1006 αύτού·
826 947 876 1007 ἵνα
898 947 928 1007 τί
948 946 1124 1028 ἐβράδυνας,

103 1044 224 1122 τέκνον;
253 1043 268 1105 6
297 1043 330 1106 δὲ
357 1051 427 1118 παῖς
455 1042 630 1126 ἀποκριθεὶς
652 1037 745 1105 εἶπεν·
775 1043 845 1123 μετὰ
867 1053 927 1104 τῶν
949 1054 1124 1126 χριστιανῶν

102 1144 235 1204 παιδίοιν
257 1141 399 1203 ἀπελθὼν
421 1143 465 1214 είς
486 1143 542 1221 τὴν
566 1142 695 1222 μεγάλην
718 1139 874 1220 ἐκκλησίαν
897 1141 1010 1223 ἔφαγον
1033 1141 1124 1222 κάγώ,
1138 1162 1178 1203 σοι
1192 1162 1223 1201 M.

103 1241 212 1321 πάτερ,
238 1239 290 1300 καλ
317 1239 368 1300 διὰ
394 1248 480 1302 τοῦτο
508 1238 666 1320 ἐβράδυνα.
713 1237 729 1301 6
753 1236 785 1299 δὲ
808 1238 906 1312 δόλιος
928 1238 1040 1312 ἐκεῖνος
1062 1238 1124 1321 θὴρ
1139 1259 1166 1301 ιο

104 1337 227 1419 σφόδρα
259 1335 361 1416 μανείς
392 1337 455 1418 ἔσχε
487 1332 557 1418 παρ’
583 1335 677 1421 ἐαυτῷ
706 1337 758 1398 τδν
789 1337 878 1418 λόγον
909 1336 959 1397 καί
991 1335 1062 1416 μετὰ
1092 1336 1125 1398 τὸ

104 1433 230 1516 άριστον
261 1434 502 1516 συμπαραλαβὼν
532 1429 601 1513 μεθ’
629 1433 737 1495 ἑαυτοῦ
768 1435 820 1497 τὸν
852 1433 919 1496 υἱόν
951 1434 1044 1496 αὐτού
1076 1432 1126 1494 καλ

105 1531 183 1612 πρὸς
206 1530 238 1592 τὸ
262 1531 453 1614 ἐργαστήριον
476 1530 617 1593 όιπελθόον
639 1531 762 1614 ἔρριψεν
783 1531 874 1593 αύτὸν
896 1533 938 1606 είς
960 1531 1016 1610 τὴν
1039 1533 1126 1610 κάμι·

107 1652 177 1708 νον,
201 1627 250 1690 καὶ
272 1630 388 1702 κλείσας
409 1629 465 1709 τὴν
487 1630 588 1710 θύραν
610 1628 803 1711 ἀνεχώρησεν.
843 1627 914 1708 ἡδὲ
936 1628 1014 1711 γυνη
1033 1629 1126 1690 αὐτοῦ

105 1728 297 1809 γινώσκουσιν
319 1728 375 1807 τὴν
395 1737 448 1789 τοῦ
472 1725 582 1808 ἀνδρὸς
599 1726 674 1789 κατὰ
696 1737 748 1789 τοῦ
772 1727 878 1800 παιδός
896 1729 1006 1806 μανίαν
1029 1728 1071 1800 είς
1093 1726 1126 1788 τὸ
1141 1746 1166 1788 ιε

107 1825 300 1907 ἐργαστήριον
322 1825 355 1887 ἐν
378 1827 495 1910 σπουδῇ
515 1823 687 1908 παρεγένετο
711 1823 761 1884 καὶ
783 1825 987 1906 παρακύψασα
1006 1825 1056 1886 διὰ
1075 1834 1127 1904 τῆς

106 1921 186 2002 όπῆς
208 1932 261 2003 τῆς
284 1924 383 2003 θύρας
405 1921 515 2003 ἤκουσε
538 1931 715 2003 τῆςφωνῆς
738 1931 791 1983 τού
814 1922 920 1996 παιδὸς
942 1923 1055 1983 ἔσωθεν
1073 1931 1127 2000 τῆς

106 2021 251 2100 καμίνου,
280 2020 331 2081 καλ
358 2021 412 2100 την
441 2022 542 2102 θύραν
569 2019 701 2080 κλάσασα
727 2018 777 2079 καὶ
809 2019 985 2080 εἰσελθοῦσα
1013 2017 1127 2098 ἐξέβαλε

107 2117 160 2179 τὸν
192 2117 261 2180 υίδν
293 2118 386 2196 αὐτῆς
417 2115 563 2196 άφλεκτον
595 2116 627 2177 ἐκ
659 2125 712 2195 τῆς
742 2117 879 2194 καμίνου.
925 2115 1067 2196 λεγούσης
1095 2112 1126 2175 δὲ

109 2214 216 2294 αὐτῆς·
245 2216 289 2286 τίς
316 2213 433 2294 ἐνέβαλέ
461 2232 507 2295 σε,
534 2212 653 2293 τέκνον,
681 2214 723 2286 είς
746 2212 800 2291 τὴν
823 2212 965 2290 κάμινον,
992 2211 1041 2273 καλ
1064 2221 1127 2284 πῶς
1141 2233 1167 2273 κο

110 2311 167 2373 ούκ
195 2310 299 2390 ἐκάης;
327 2310 422 2389 φησὶν
449 2309 465 2372 6
493 2316 575 2384 παῖς·
604 2308 620 2372 6
649 2307 703 2387 μὲν
729 2311 826 2390 πατήρ
855 2331 913 2388 μου
940 2306 1059 2388 ἐνέβαλέ
1081 2332 1126 2390 με,

106 2409 186 2491 γυνὴ
216 2406 247 2469 δὲ
275 2417 552 2490 πορφυροφοροῦσα
579 2400 654 2487 ἦλθε
682 2405 732 2468 καὶ
762 2406 817 2485 τὴν
845 2407 941 2487 φλόγα
973 2405 1126 2486 κατέσβεσε
1178 2446 1180 2450 .

181 2593 196 2641 ‘1
217 2586 302 2643 ἐλθόν
320 2587 369 2642 PV
392 2587 485 2642 ἐλθόν
508 2586 671 2642 CEGLNR
693 2584 821 2643 ἀπελθόν
842 2586 872 2639 Β.
899 2617 932 2626 -
956 2591 973 2639 9
998 2586 1125 2640 ἀπελθὸν

107 2659 164 2713 BV.
189 2690 223 2699 -
246 2658 369 2729 μεγάλην
392 2676 442 2714 om.
461 2658 543 2712 LRV.
568 2689 601 2698 —
627 2663 660 2712 16
685 2658 715 2714 ἐν
739 2675 789 2714 om.
810 2657 897 2711 BLM.
922 2689 956 2698 —
981 2664 1014 2710 22
1034 2655 1067 2712 δέ
1083 2677 1126 2720 τις

107 2750 270 2799 πορφυροφ.
285 2730 341 2784 LV.

180 2879 195 2926 1
214 2871 308 2941 ύέλωψ
320 2871 372 2941 τὴν
385 2870 487 2941 τέχνην
506 2872 576 2941 ἔχων
594 2880 715 2942 γυναῖκα
734 2872 783 2925 καλ
797 2868 914 2926 παιδίον
933 2878 1070 2938 μονογενῆ
1091 2867 1125 2925 δν

107 2945 156 3000 καλ
173 2941 272 3011 παρέδ,
287 2943 317 2997 P.
333 2975 366 2983 —
384 2950 399 2997 5
418 2944 524 3004 παῖδας
542 2943 579 3006 ὡς
595 2943 684 3011 είάθη
703 2942 782 3010 παρὰ
798 2949 848 2995 τού
863 2938 1036 2997 διδασκάλου
1055 2939 1127 3008 πρὸς

107 3015 139 3069 τὸ
164 3019 230 3070 δαπ.
250 3013 285 3069 τὰ
307 3011 443 3084 λείψανα,
466 3009 534 3083 μεθ’
551 3013 584 3069 δυ
607 3032 667 3069 συν,
683 3013 713 3066 Ρ.
743 3045 776 3052 -
805 3011 987 3066 δάπολυθὲν
1011 3011 1054 3082 δέ]
1078 3011 1127 3064 καλ

109 3088 331 3154 συνδαπανῆσαν
349 3084 379 3139 Ρ.
402 3117 436 3124 -
461 3089 476 3137 ’λ
497 3085 582 3140 ἐλθὸν
600 3093 634 3155 τῇ
652 3083 713 3153 ὥρα
729 3091 780 3137 τοῦ
799 3080 915 3151 ἀρίστου
934 3080 1021 3149 διατί,
1040 3082 1126 3151 φησίν

108 3157 123 3212 6
143 3155 249 3224 πατήρ,
273 3155 432 3281 ἐμράδυνας
448 3153 555 3211 τέκνον.
588 3155 654 3212 δδέ
673 3139 745 3225 λέγει
764 3154 793 3208 Ρ.
814 3186 847 3195 -
867 3159 965 3207 9-14
984 3155 1024 3208 sic
1041 3155 1073 3207 ι’νι
1091 3153 1125 3209 P:

109 3227 242 3283 ἀπελθὼν
260 3248 277 3282 κ
298 3229 338 3297 γὼ
356 3227 396 3289 είς
412 3246 436 3280 τ,
451 3246 509 3296 μεγ.
529 3225 600 3281 ἐκκλ.
620 3227 736 3295 ἔφαγον.
770 3223 837 3291 ὅπερ
857 3225 981 3286 ἀκούσας
999 3223 1014 3279 6
1033 3224 1126 3295 πατὴρ

109 3299 158 3353 καλ
177 3298 289 3367 σφόδρα
307 3299 405 3367 μανεὶς
427 3299 476 3352 καί
494 3297 563 3366 μετὰ
580 3298 612 3352 τδ
631 3299 780 3366 ἀριστῆσαι
802 3296 873 3364 πρὸς
890 3296 922 3350 τὸ
942 3294 1125 3365 ἐργαστήριον

109 3371 243 3424 ἀπελθὼν
262 3371 314 3424 σὺν
328 3370 404 3442 αύτῷ
415 3368 512 3440 ἔβαλεν
531 3369 600 3424 αύτό
615 3369 654 3430 είς
667 3368 719 3436 τὴν
734 3367 854 3436 κάμινον
873 3368 922 3422 καί
936 3369 976 3421 κλ.
990 3384 1013 3420 τ.
1028 3366 1126 3434 θύραν

109 3440 228 3509 μηδενὸς
251 3439 359 3502 εἰδότος
381 3441 423 3509 (in
440 3458 507 3510 μεμε
531 3460 572 3509 γρ.
592 3437 743 3508 παρόντος)
767 3438 949 3510 ἀνεχώρησεν.
975 3469 1008 3478 -
1033 3442 1066 3491 15
1086 3436 1126 3498 εἰς

108 3511 140 3566 τὸ
160 3511 216 3580 ἐργ.
232 3511 355 3567 ἐλθοῦσα
372 3511 421 3565 καί
439 3510 633 3579 παρακύψασα
647 3511 677 3564 Ρ.
694 3541 728 3550 -
748 3515 780 3564 17
800 3516 850 3578 τῆς
867 3511 961 3577 θύρας
979 3526 1030 3564 σοι.
1046 3507 1075 3561 Ρ.
1092 3537 1126 3548 -

111 3586 198 3636 1620
217 3581 247 3636 ἐκ
265 3601 288 3635 τ.
303 3603 366 3652 καμ.
381 3579 511 3651 λέγουσα
531 3580 573 3644 τίς
590 3581 620 3636 Ρ.
640 3614 673 3623 -
694 3587 726 3635 21
748 3580 763 3635 6
783 3579 816 3636 δέ
834 3597 934 3650 φησιν·
953 3580 983 3634 Ρ,

164 3679 306 3730 Georgius
320 3681 479 3722 Monachus
494 3681 529 3722 od.
544 3681 572 3721 do
585 3681 653 3720 Boot.
675 3681 707 3720 Π.
935 3673 969 3720 42
1003 3673 1005 3676 ’
