<?xml version="1.0" encoding="UTF-8"?>
<!DOCTYPE html PUBLIC "-//W3C//DTD XHTML 1.0 Transitional//EN"
    "http://www.w3.org/TR/xhtml1/DTD/xhtml1-transitional.dtd">
<html xmlns="http://www.w3.org/1999/xhtml" xml:lang="en" lang="en">
 <head>
  <title>
</title>
<meta http-equiv="Content-Type" content="text/html;charset=utf-8" />
  <meta name='ocr-system' content='tesseract 3.04.00' />
  <meta name='ocr-capabilities' content='ocr_page ocr_carea ocr_par ocr_line ocrx_word'/>
</head>
<body>
  <div class='ocr_page' id='page_1' title='image "./georgiimonachic00boorgoog_0043.png"; bbox 0 0 2617 3909; ppageno 0'>
   <div class='ocr_carea' id='block_1_1' title="bbox 529 257 1134 321">
    <p class='ocr_par' dir='ltr' id='par_1_1' title="bbox 529 257 1134 321">
     <span class='ocr_line' id='line_1_1' title="bbox 529 257 1134 321; baseline 0 -10"><span class='ocrx_word' id='word_1_1' title='bbox 529 260 720 311; x_wconf 86' lang='lat' dir='ltr'>XPONIKON</span> <span class='ocrx_word' id='word_1_2' title='bbox 1068 257 1134 321; x_wconf 84' lang='lat'><em>419</em></span> 
     </span>
    </p>
   </div>
   <div class='ocr_carea' id='block_1_2' title="bbox 119 401 1235 2741">
    <p class='ocr_par' dir='ltr' id='par_1_2' title="bbox 119 401 1235 2741">
     <span class='ocr_line' id='line_1_2' title="bbox 121 401 1134 489; baseline 0 -22"><span class='ocrx_word' id='word_1_3' title='bbox 121 406 193 487; x_wconf 79' lang='grc' dir='ltr'><em>μετὰ</em></span> <span class='ocrx_word' id='word_1_4' title='bbox 218 406 273 485; x_wconf 81' lang='grc' dir='ltr'><em>την</em></span> <span class='ocrx_word' id='word_1_5' title='bbox 300 406 413 486; x_wconf 73' lang='grc' dir='ltr'><em>πολλὴν</em></span> <span class='ocrx_word' id='word_1_6' title='bbox 440 405 659 488; x_wconf 80' lang='grc' dir='ltr'><em>ἀγνωμοσύνην</em></span> <span class='ocrx_word' id='word_1_7' title='bbox 685 405 736 467; x_wconf 83' lang='grc' dir='ltr'><em>καλ</em></span> <span class='ocrx_word' id='word_1_8' title='bbox 763 405 919 489; x_wconf 77' lang='grc' dir='ltr'><strong><em>προφήτας</em></strong></span> <span class='ocrx_word' id='word_1_9' title='bbox 941 404 1038 487; x_wconf 81' lang='grc' dir='ltr'><em>ἀφῆκε</em></span> <span class='ocrx_word' id='word_1_10' title='bbox 1061 401 1134 488; x_wconf 84' lang='grc' dir='ltr'><em>παρ’</em></span> 
     </span>
     <span class='ocr_line' id='line_1_3' title="bbox 120 500 1137 587; baseline 0 -22"><span class='ocrx_word' id='word_1_11' title='bbox 120 504 194 584; x_wconf 79' lang='grc' dir='ltr'><em>ύμῖν</em></span> <span class='ocrx_word' id='word_1_12' title='bbox 219 500 296 567; x_wconf 80' lang='grc' dir='ltr'><em>εἶναι</em></span> <span class='ocrx_word' id='word_1_13' title='bbox 324 503 502 587; x_wconf 79' lang='grc' dir='ltr'><strong><em>διαφόρους,</em></strong></span> <span class='ocrx_word' id='word_1_14' title='bbox 530 503 580 566; x_wconf 85' lang='grc' dir='ltr'><em>καί</em></span> <span class='ocrx_word' id='word_1_15' title='bbox 603 510 711 584; x_wconf 83' lang='grc' dir='ltr'><em>σημεῖα</em></span> <span class='ocrx_word' id='word_1_16' title='bbox 733 504 900 587; x_wconf 81' lang='grc' dir='ltr'><em>είργόζοντο</em></span> <span class='ocrx_word' id='word_1_17' title='bbox 922 503 973 566; x_wconf 81' lang='grc' dir='ltr'><em>καί</em></span> <span class='ocrx_word' id='word_1_18' title='bbox 995 505 1137 583; x_wconf 87' lang='grc' dir='ltr'><em>θαύματα</em></span> 
     </span>
     <span class='ocr_line' id='line_1_4' title="bbox 123 594 1235 685; baseline -0.001 -22"><span class='ocrx_word' id='word_1_19' title='bbox 123 602 289 685; x_wconf 83' lang='grc' dir='ltr'><em>παρόδοξα;</em></span> <span class='ocrx_word' id='word_1_20' title='bbox 312 603 393 675; x_wconf 85' lang='grc' dir='ltr'><em>τίνος</em></span> <span class='ocrx_word' id='word_1_21' title='bbox 415 594 472 663; x_wconf 87' lang='grc' dir='ltr'><em>ούν</em></span> <span class='ocrx_word' id='word_1_22' title='bbox 493 601 592 664; x_wconf 78' lang='grc' dir='ltr'><em>ἕνεκεν</em></span> <span class='ocrx_word' id='word_1_23' title='bbox 612 603 703 664; x_wconf 82' lang='grc' dir='ltr'><em>πύλαι</em></span> <span class='ocrx_word' id='word_1_24' title='bbox 721 600 775 682; x_wconf 72' lang='grc' dir='ltr'><em>μὲν</em></span> <span class='ocrx_word' id='word_1_25' title='bbox 793 600 968 683; x_wconf 78' lang='grc' dir='ltr'><em>ἀσεβοῦντες</em></span> <span class='ocrx_word' id='word_1_26' title='bbox 985 601 1035 663; x_wconf 81' lang='grc' dir='ltr'><em>καλ</em></span> <span class='ocrx_word' id='word_1_27' title='bbox 1053 601 1137 663; x_wconf 81' lang='grc' dir='ltr'><em>δεινὰ</em></span> <span class='ocrx_word' id='word_1_28' title='bbox 1150 615 1190 655; x_wconf 74' lang='lat'><em>³1⁴</em></span> <span class='ocrx_word' id='word_1_29' title='bbox 1202 612 1235 654; x_wconf 65' lang='grc' dir='ltr'>Ε</span> 
     </span>
     <span class='ocr_line' id='line_1_5' title="bbox 121 700 1136 783; baseline 0 -22"><span class='ocrx_word' id='word_1_30' title='bbox 121 701 213 781; x_wconf 88' lang='grc' dir='ltr'><em>μυρία</em></span> <span class='ocrx_word' id='word_1_31' title='bbox 232 700 475 783; x_wconf 74' lang='grc' dir='ltr'><em>διαπραττόμενοι</em></span> <span class='ocrx_word' id='word_1_32' title='bbox 488 700 633 779; x_wconf 78' lang='grc' dir='ltr'><em>τοσαύτης</em></span> <span class='ocrx_word' id='word_1_33' title='bbox 646 700 766 775; x_wconf 78' lang='grc' dir='ltr'><em>εὐνοίας</em></span> <span class='ocrx_word' id='word_1_34' title='bbox 783 700 946 781; x_wconf 84' lang='grc' dir='ltr'><em>ἀπηλαύετε</em></span> <span class='ocrx_word' id='word_1_35' title='bbox 964 700 1045 782; x_wconf 79' lang='grc' dir='ltr'><em>παρὰ</em></span> <span class='ocrx_word' id='word_1_36' title='bbox 1060 706 1136 761; x_wconf 89' lang='grc' dir='ltr'><em>θεοῦ</em></span> 
     </span>
     <span class='ocr_line' id='line_1_6' title="bbox 119 796 1176 881; baseline 0 -21"><span class='ocrx_word' id='word_1_37' title='bbox 119 797 172 860; x_wconf 80' lang='grc' dir='ltr'><em>καί</em></span> <span class='ocrx_word' id='word_1_38' title='bbox 189 799 367 879; x_wconf 81' lang='grc' dir='ltr'><em>προστασίας</em></span> <span class='ocrx_word' id='word_1_39' title='bbox 385 796 436 859; x_wconf 83' lang='grc' dir='ltr'><em>καλ</em></span> <span class='ocrx_word' id='word_1_40' title='bbox 453 800 650 881; x_wconf 78' lang='grc' dir='ltr'><em>προμηθείας,</em></span> <span class='ocrx_word' id='word_1_41' title='bbox 673 808 732 860; x_wconf 86' lang='grc' dir='ltr'><em>νῦν</em></span> <span class='ocrx_word' id='word_1_42' title='bbox 750 797 783 861; x_wconf 76' lang='grc' dir='ltr'><em>δὲ</em></span> <span class='ocrx_word' id='word_1_43' title='bbox 801 798 869 861; x_wconf 87' lang='grc' dir='ltr'><em>ούτε</em></span> <span class='ocrx_word' id='word_1_44' title='bbox 888 800 1136 881; x_wconf 84' lang='grc' dir='ltr'><em>εἰδωλολατροῦν-</em></span> <span class='ocrx_word' id='word_1_45' title='bbox 1163 819 1176 860; x_wconf 85' lang='grc' dir='ltr'><em>ε</em></span> 
     </span>
     <span class='ocr_line' id='line_1_7' title="bbox 119 894 1136 982; baseline 0 -25"><span class='ocrx_word' id='word_1_46' title='bbox 119 918 167 969; x_wconf 87' lang='grc' dir='ltr'><em>τες</em></span> <span class='ocrx_word' id='word_1_47' title='bbox 190 894 258 958; x_wconf 85' lang='grc' dir='ltr'><em>ούτε</em></span> <span class='ocrx_word' id='word_1_48' title='bbox 279 898 545 971; x_wconf 83' lang='grc' dir='ltr'><em>παιδοκτονοῦντες</em></span> <span class='ocrx_word' id='word_1_49' title='bbox 566 896 599 958; x_wconf 80' lang='grc' dir='ltr'><em>ἐν</em></span> <span class='ocrx_word' id='word_1_50' title='bbox 622 898 804 982; x_wconf 68' lang='grc' dir='ltr'><em>αἰχμαλωσίᾳ</em></span> <span class='ocrx_word' id='word_1_51' title='bbox 823 899 957 977; x_wconf 82' lang='grc' dir='ltr'><em>διηνεκεῖ</em></span> <span class='ocrx_word' id='word_1_52' title='bbox 969 896 1020 958; x_wconf 84' lang='grc' dir='ltr'><em>καλ</em></span> <span class='ocrx_word' id='word_1_53' title='bbox 1037 902 1136 958; x_wconf 85' lang='grc' dir='ltr'><em>ταλαι-</em></span> 
     </span>
     <span class='ocr_line' id='line_1_8' title="bbox 120 987 1136 1079; baseline -0.002 -22"><span class='ocrx_word' id='word_1_54' title='bbox 120 995 220 1079; x_wconf 76' lang='grc' dir='ltr'><em>πωρίᾳ</em></span> <span class='ocrx_word' id='word_1_55' title='bbox 243 995 369 1077; x_wconf 79' lang='grc' dir='ltr'><em>διύγετες</em></span> <span class='ocrx_word' id='word_1_56' title='bbox 392 994 433 1073; x_wconf 76' lang='grc' dir='ltr'><em>μὴ</em></span> <span class='ocrx_word' id='word_1_57' title='bbox 456 994 512 1076; x_wconf 81' lang='grc' dir='ltr'><em>γὰρ</em></span> <span class='ocrx_word' id='word_1_58' title='bbox 535 992 631 1077; x_wconf 73' lang='grc' dir='ltr'><em>ἕτερος</em></span> <span class='ocrx_word' id='word_1_59' title='bbox 653 987 694 1075; x_wconf 74' lang='grc' dir='ltr'><em>ἦν</em></span> <span class='ocrx_word' id='word_1_60' title='bbox 716 996 789 1069; x_wconf 87' lang='grc' dir='ltr'><em>θεὸς</em></span> <span class='ocrx_word' id='word_1_61' title='bbox 806 994 869 1058; x_wconf 88' lang='grc' dir='ltr'><em>τότε</em></span> <span class='ocrx_word' id='word_1_62' title='bbox 887 994 937 1057; x_wconf 80' lang='grc' dir='ltr'><em>καί</em></span> <span class='ocrx_word' id='word_1_63' title='bbox 955 994 1051 1078; x_wconf 75' lang='grc' dir='ltr'><em>ἕτερος</em></span> <span class='ocrx_word' id='word_1_64' title='bbox 1068 1004 1136 1056; x_wconf 90' lang='grc' dir='ltr'><em>νῦν.</em></span> 
     </span>
     <span class='ocr_line' id='line_1_9' title="bbox 121 1091 1136 1173; baseline 0 -18"><span class='ocrx_word' id='word_1_65' title='bbox 121 1092 178 1155; x_wconf 89' lang='grc' dir='ltr'><em>ούκ</em></span> <span class='ocrx_word' id='word_1_66' title='bbox 201 1091 291 1167; x_wconf 90' lang='grc' dir='ltr'><em>αύτός</em></span> <span class='ocrx_word' id='word_1_67' title='bbox 311 1091 389 1154; x_wconf 77' lang='grc' dir='ltr'><em>ἔστιν</em></span> <span class='ocrx_word' id='word_1_68' title='bbox 412 1091 428 1154; x_wconf 85' lang='grc' dir='ltr'><em>ό</em></span> <span class='ocrx_word' id='word_1_69' title='bbox 451 1091 501 1153; x_wconf 86' lang='grc' dir='ltr'><em>καλ</em></span> <span class='ocrx_word' id='word_1_70' title='bbox 524 1091 621 1154; x_wconf 75' lang='grc' dir='ltr'><em>ἐκεῖνα</em></span> <span class='ocrx_word' id='word_1_71' title='bbox 643 1093 812 1172; x_wconf 74' lang='grc' dir='ltr'><em>οἰκονομῶν</em></span> <span class='ocrx_word' id='word_1_72' title='bbox 834 1091 884 1154; x_wconf 86' lang='grc' dir='ltr'><em>καί</em></span> <span class='ocrx_word' id='word_1_73' title='bbox 904 1103 995 1154; x_wconf 86' lang='grc' dir='ltr'><em>ταῦτα</em></span> <span class='ocrx_word' id='word_1_74' title='bbox 1012 1103 1071 1155; x_wconf 89' lang='grc' dir='ltr'><em>νῦν</em></span> <span class='ocrx_word' id='word_1_75' title='bbox 1089 1092 1136 1173; x_wconf 76' lang='grc' dir='ltr'><em>ἕρ-</em></span> 
     </span>
     <span class='ocr_line' id='line_1_10' title="bbox 119 1183 1136 1272; baseline 0.001 -21"><span class='ocrx_word' id='word_1_76' title='bbox 119 1189 296 1272; x_wconf 73' lang='grc' dir='ltr'><em>γαζόμενοςς</em></span> <span class='ocrx_word' id='word_1_77' title='bbox 315 1190 366 1251; x_wconf 89' lang='grc' dir='ltr'><em>διδι</em></span> <span class='ocrx_word' id='word_1_78' title='bbox 383 1190 420 1271; x_wconf 88' lang='grc' dir='ltr'><em>τί,</em></span> <span class='ocrx_word' id='word_1_79' title='bbox 440 1190 486 1251; x_wconf 84' lang='grc' dir='ltr'><em>ὅτε</em></span> <span class='ocrx_word' id='word_1_80' title='bbox 505 1191 624 1268; x_wconf 80' lang='grc' dir='ltr'><em>μείζονα</em></span> <span class='ocrx_word' id='word_1_81' title='bbox 642 1188 696 1270; x_wconf 67' lang='grc' dir='ltr'><em>μὲν</em></span> <span class='ocrx_word' id='word_1_82' title='bbox 714 1183 754 1269; x_wconf 78' lang='grc' dir='ltr'><em>ἦν</em></span> <span class='ocrx_word' id='word_1_83' title='bbox 771 1190 809 1251; x_wconf 83' lang='grc' dir='ltr'><em>τὰ</em></span> <span class='ocrx_word' id='word_1_84' title='bbox 821 1189 1023 1272; x_wconf 80' lang='grc' dir='ltr'><em>ἁμαρτήματα,</em></span> <span class='ocrx_word' id='word_1_85' title='bbox 1041 1189 1136 1270; x_wconf 79' lang='grc' dir='ltr'><em>πολλὴ</em></span> 
     </span>
     <span class='ocr_line' id='line_1_11' title="bbox 121 1280 1177 1368; baseline 0 -19"><span class='ocrx_word' id='word_1_86' title='bbox 121 1289 195 1362; x_wconf 83' lang='grc' dir='ltr'><em>δόξα</em></span> <span class='ocrx_word' id='word_1_87' title='bbox 217 1286 289 1367; x_wconf 84' lang='grc' dir='ltr'><em>ύμῖν</em></span> <span class='ocrx_word' id='word_1_88' title='bbox 312 1280 351 1368; x_wconf 77' lang='grc' dir='ltr'><em>ν’χν</em></span> <span class='ocrx_word' id='word_1_89' title='bbox 374 1287 454 1368; x_wconf 82' lang='grc' dir='ltr'><em>παρὰ</em></span> <span class='ocrx_word' id='word_1_90' title='bbox 476 1294 562 1368; x_wconf 82' lang='grc' dir='ltr'><em>θεοῦ,</em></span> <span class='ocrx_word' id='word_1_91' title='bbox 585 1288 632 1349; x_wconf 82' lang='grc' dir='ltr'><em>ὅτε</em></span> <span class='ocrx_word' id='word_1_92' title='bbox 653 1286 685 1349; x_wconf 81' lang='grc' dir='ltr'><em>δὲ</em></span> <span class='ocrx_word' id='word_1_93' title='bbox 704 1287 843 1350; x_wconf 80' lang='grc' dir='ltr'><em>ἐλάττονα</em></span> <span class='ocrx_word' id='word_1_94' title='bbox 860 1293 1050 1367; x_wconf 83' lang='grc' dir='ltr'><em>πλημμελεῖτε</em></span> <span class='ocrx_word' id='word_1_95' title='bbox 1068 1298 1136 1368; x_wconf 88' lang='grc' dir='ltr'><em>νῦν,</em></span> <span class='ocrx_word' id='word_1_96' title='bbox 1150 1310 1177 1351; x_wconf 81' lang='grc' dir='ltr'><em>ιο</em></span> 
     </span>
     <span class='ocr_line' id='line_1_12' title="bbox 120 1384 1136 1470; baseline -0.001 -23"><span class='ocrx_word' id='word_1_97' title='bbox 120 1391 272 1460; x_wconf 75' lang='grc' dir='ltr'><em>παντελῶς</em></span> <span class='ocrx_word' id='word_1_98' title='bbox 293 1385 371 1465; x_wconf 85' lang='grc' dir='ltr'><em>ύμᾶς</em></span> <span class='ocrx_word' id='word_1_99' title='bbox 393 1384 567 1467; x_wconf 78' lang='grc' dir='ltr'><em>ἀπεστράφη</em></span> <span class='ocrx_word' id='word_1_100' title='bbox 585 1385 635 1447; x_wconf 87' lang='grc' dir='ltr'><em>καλ</em></span> <span class='ocrx_word' id='word_1_101' title='bbox 658 1385 759 1470; x_wconf 75' lang='grc' dir='ltr'><em>ἀτιμία</em></span> <span class='ocrx_word' id='word_1_102' title='bbox 780 1384 951 1467; x_wconf 80' lang='grc' dir='ltr'><em>παρέδωκεν</em></span> <span class='ocrx_word' id='word_1_103' title='bbox 968 1384 1136 1469; x_wconf 73' lang='grc' dir='ltr'><em>ἀπεράντως</em></span> 
     </span>
     <span class='ocr_line' id='line_1_13' title="bbox 120 1480 1136 1565; baseline 0 -22"><span class='ocrx_word' id='word_1_104' title='bbox 120 1482 195 1544; x_wconf 83' lang='grc' dir='ltr'><em>ἀλλὰ</em></span> <span class='ocrx_word' id='word_1_105' title='bbox 217 1480 274 1543; x_wconf 81' lang='grc' dir='ltr'><em>κάν</em></span> <span class='ocrx_word' id='word_1_106' title='bbox 296 1481 380 1563; x_wconf 74' lang='grc' dir='ltr'><em>ὑμεῖς</em></span> <span class='ocrx_word' id='word_1_107' title='bbox 403 1484 550 1565; x_wconf 80' lang='grc' dir='ltr'><em>σιγήσητε,</em></span> <span class='ocrx_word' id='word_1_108' title='bbox 573 1484 605 1544; x_wconf 82' lang='grc' dir='ltr'><em>ολ</em></span> <span class='ocrx_word' id='word_1_109' title='bbox 625 1485 707 1545; x_wconf 84' lang='grc' dir='ltr'><em>λίθοι</em></span> <span class='ocrx_word' id='word_1_110' title='bbox 725 1484 923 1565; x_wconf 78' lang='grc' dir='ltr'><em>κεκρύξονται.</em></span> <span class='ocrx_word' id='word_1_111' title='bbox 960 1483 1062 1563; x_wconf 78' lang='grc' dir='ltr'><em>ἐπειδὴ</em></span> <span class='ocrx_word' id='word_1_112' title='bbox 1080 1482 1136 1565; x_wconf 82' lang='grc' dir='ltr'><em>γὰρ</em></span> 
     </span>
     <span class='ocr_line' id='line_1_14' title="bbox 120 1580 1138 1663; baseline 0 -20"><span class='ocrx_word' id='word_1_113' title='bbox 120 1580 196 1643; x_wconf 87' lang='grc' dir='ltr'><em>κατὰ</em></span> <span class='ocrx_word' id='word_1_114' title='bbox 228 1590 280 1643; x_wconf 85' lang='grc' dir='ltr'><em>τοῦ</em></span> <span class='ocrx_word' id='word_1_115' title='bbox 313 1580 457 1643; x_wconf 83' lang='grc' dir='ltr'><em>δεσπότου</em></span> <span class='ocrx_word' id='word_1_116' title='bbox 488 1580 540 1655; x_wconf 88' lang='grc' dir='ltr'><em>τὰς</em></span> <span class='ocrx_word' id='word_1_117' title='bbox 567 1586 664 1663; x_wconf 85' lang='grc' dir='ltr'><em>χεῖρας</em></span> <span class='ocrx_word' id='word_1_118' title='bbox 691 1580 860 1662; x_wconf 75' lang='grc' dir='ltr'><em>ἐξετείνατε,</em></span> <span class='ocrx_word' id='word_1_119' title='bbox 887 1582 938 1644; x_wconf 80' lang='grc' dir='ltr'><em>διὰ</em></span> <span class='ocrx_word' id='word_1_120' title='bbox 967 1592 1054 1644; x_wconf 87' lang='grc' dir='ltr'><em>τοῦτο</em></span> <span class='ocrx_word' id='word_1_121' title='bbox 1081 1581 1138 1643; x_wconf 87' lang='grc' dir='ltr'><em>ούκ</em></span> 
     </span>
     <span class='ocr_line' id='line_1_15' title="bbox 121 1677 1136 1761; baseline -0.001 -21"><span class='ocrx_word' id='word_1_122' title='bbox 121 1678 200 1741; x_wconf 80' lang='grc' dir='ltr'><em>ἔστιν</em></span> <span class='ocrx_word' id='word_1_123' title='bbox 222 1677 296 1757; x_wconf 85' lang='grc' dir='ltr'><em>ύμῖν</em></span> <span class='ocrx_word' id='word_1_124' title='bbox 319 1678 480 1761; x_wconf 82' lang='grc' dir='ltr'><em>διόρθωσις</em></span> <span class='ocrx_word' id='word_1_125' title='bbox 502 1677 573 1741; x_wconf 80' lang='grc' dir='ltr'><em>οὐδὲ</em></span> <span class='ocrx_word' id='word_1_126' title='bbox 594 1680 754 1761; x_wconf 77' lang='grc' dir='ltr'><em>συγγνώμη</em></span> <span class='ocrx_word' id='word_1_127' title='bbox 773 1680 879 1742; x_wconf 87' lang='grc' dir='ltr'><em>λοιπὸν</em></span> <span class='ocrx_word' id='word_1_128' title='bbox 896 1678 967 1742; x_wconf 75' lang='grc' dir='ltr'><em>ούδλ</em></span> <span class='ocrx_word' id='word_1_129' title='bbox 985 1679 1136 1760; x_wconf 88' lang='grc' dir='ltr'><em>ἀπολογία.</em></span> 
     </span>
     <span class='ocr_line' id='line_1_16' title="bbox 121 1769 1178 1859; baseline 0.002 -22"><span class='ocrx_word' id='word_1_130' title='bbox 121 1776 184 1837; x_wconf 91' lang='grc' dir='ltr'><em>τότε</em></span> <span class='ocrx_word' id='word_1_131' title='bbox 208 1774 262 1856; x_wconf 78' lang='grc' dir='ltr'><em>μλν</em></span> <span class='ocrx_word' id='word_1_132' title='bbox 283 1775 339 1858; x_wconf 77' lang='grc' dir='ltr'><em>γὰρ</em></span> <span class='ocrx_word' id='word_1_133' title='bbox 362 1776 405 1850; x_wconf 86' lang='grc' dir='ltr'><em>είς</em></span> <span class='ocrx_word' id='word_1_134' title='bbox 427 1777 555 1851; x_wconf 82' lang='grc' dir='ltr'><em>δούλους</em></span> <span class='ocrx_word' id='word_1_135' title='bbox 577 1769 616 1855; x_wconf 72' lang='grc' dir='ltr'><em>ἦν</em></span> <span class='ocrx_word' id='word_1_136' title='bbox 638 1777 674 1838; x_wconf 84' lang='grc' dir='ltr'><em>τδι</em></span> <span class='ocrx_word' id='word_1_137' title='bbox 696 1779 884 1859; x_wconf 81' lang='grc' dir='ltr'><em>τολμώμενα,</em></span> <span class='ocrx_word' id='word_1_138' title='bbox 906 1786 965 1839; x_wconf 91' lang='grc' dir='ltr'><em>νῦν</em></span> <span class='ocrx_word' id='word_1_139' title='bbox 987 1776 1019 1839; x_wconf 78' lang='grc' dir='ltr'><em>δὲ</em></span> <span class='ocrx_word' id='word_1_140' title='bbox 1041 1778 1138 1838; x_wconf 82' lang='grc' dir='ltr'><em>πάντα</em></span> <span class='ocrx_word' id='word_1_141' title='bbox 1151 1798 1178 1841; x_wconf 79' lang='grc' dir='ltr'><em>τι</em></span> 
     </span>
     <span class='ocr_line' id='line_1_17' title="bbox 122 1873 1138 1957; baseline 0 -21"><span class='ocrx_word' id='word_1_142' title='bbox 122 1873 220 1936; x_wconf 74' lang='grc' dir='ltr'><em>ἐκεῖνα</em></span> <span class='ocrx_word' id='word_1_143' title='bbox 242 1873 277 1935; x_wconf 82' lang='grc' dir='ltr'><em>τὰ</em></span> <span class='ocrx_word' id='word_1_144' title='bbox 299 1874 411 1935; x_wconf 86' lang='grc' dir='ltr'><em>παλαιδι</em></span> <span class='ocrx_word' id='word_1_145' title='bbox 433 1884 536 1954; x_wconf 80' lang='grc' dir='ltr'><em>σαφοῦς</em></span> <span class='ocrx_word' id='word_1_146' title='bbox 559 1873 748 1957; x_wconf 84' lang='grc' dir='ltr'><em>ἀπεκρύψατε</em></span> <span class='ocrx_word' id='word_1_147' title='bbox 767 1876 818 1937; x_wconf 81' lang='grc' dir='ltr'><em>διὰ</em></span> <span class='ocrx_word' id='word_1_148' title='bbox 834 1887 887 1957; x_wconf 81' lang='grc' dir='ltr'><em>τῆς</em></span> <span class='ocrx_word' id='word_1_149' title='bbox 905 1877 947 1950; x_wconf 90' lang='grc' dir='ltr'><em>είς</em></span> <span class='ocrx_word' id='word_1_150' title='bbox 965 1877 1017 1939; x_wconf 87' lang='grc' dir='ltr'><em>τὸν</em></span> <span class='ocrx_word' id='word_1_151' title='bbox 1034 1876 1138 1937; x_wconf 86' lang='grc' dir='ltr'><em>κοινὸν</em></span> 
     </span>
     <span class='ocr_line' id='line_1_18' title="bbox 122 1971 1138 2053; baseline 0.002 -20"><span class='ocrx_word' id='word_1_152' title='bbox 122 1971 270 2051; x_wconf 90' lang='grc' dir='ltr'><em>δεσπότην</em></span> <span class='ocrx_word' id='word_1_153' title='bbox 297 1972 426 2053; x_wconf 86' lang='grc' dir='ltr'><em>Χριστὸν</em></span> <span class='ocrx_word' id='word_1_154' title='bbox 458 1973 580 2053; x_wconf 91' lang='grc' dir='ltr'><em>μανίας,</em></span> <span class='ocrx_word' id='word_1_155' title='bbox 613 1973 687 2035; x_wconf 83' lang='grc' dir='ltr'><em>ὅθεν</em></span> <span class='ocrx_word' id='word_1_156' title='bbox 717 1973 768 2035; x_wconf 84' lang='grc' dir='ltr'><em>καλ</em></span> <span class='ocrx_word' id='word_1_157' title='bbox 799 1975 940 2053; x_wconf 83' lang='grc' dir='ltr'><em>μειζόνως</em></span> <span class='ocrx_word' id='word_1_158' title='bbox 970 1974 1138 2048; x_wconf 83' lang='grc' dir='ltr'><em>κολάζεσθε.</em></span> 
     </span>
     <span class='ocr_line' id='line_1_19' title="bbox 123 2065 1208 2154; baseline 0.003 -24"><span class='ocrx_word' id='word_1_159' title='bbox 123 2068 175 2131; x_wconf 82' lang='grc' dir='ltr'><em>καί</em></span> <span class='ocrx_word' id='word_1_160' title='bbox 197 2065 264 2131; x_wconf 79' lang='grc' dir='ltr'><em>οὐδ’</em></span> <span class='ocrx_word' id='word_1_161' title='bbox 286 2070 380 2143; x_wconf 84' lang='grc' dir='ltr'><em>ούτως</em></span> <span class='ocrx_word' id='word_1_162' title='bbox 402 2068 546 2151; x_wconf 79' lang='grc' dir='ltr'><em>ἀπέχεσθε</em></span> <span class='ocrx_word' id='word_1_163' title='bbox 569 2080 622 2151; x_wconf 80' lang='grc' dir='ltr'><em>τῆς</em></span> <span class='ocrx_word' id='word_1_164' title='bbox 644 2081 788 2153; x_wconf 76' lang='grc' dir='ltr'><em>πατρικῆς</em></span> <span class='ocrx_word' id='word_1_165' title='bbox 810 2071 1023 2154; x_wconf 78' lang='grc' dir='ltr'><em>ἐμβροντησίας</em></span> <span class='ocrx_word' id='word_1_166' title='bbox 1040 2094 1070 2133; x_wconf 87' lang='grc' dir='ltr'><em>τε</em></span> <span class='ocrx_word' id='word_1_167' title='bbox 1088 2070 1138 2133; x_wconf 83' lang='grc' dir='ltr'><em>καλ</em></span> <span class='ocrx_word' id='word_1_168' title='bbox 1204 2089 1208 2096; x_wconf 86' lang='grc'><strong>’</strong></span> 
     </span>
     <span class='ocr_line' id='line_1_20' title="bbox 121 2161 1139 2252; baseline 0 -24"><span class='ocrx_word' id='word_1_169' title='bbox 121 2168 244 2247; x_wconf 90' lang='grc' dir='ltr'><em>λύσσης,</em></span> <span class='ocrx_word' id='word_1_170' title='bbox 267 2168 381 2229; x_wconf 80' lang='grc' dir='ltr'><em>πλάνον</em></span> <span class='ocrx_word' id='word_1_171' title='bbox 404 2167 497 2230; x_wconf 89' lang='grc' dir='ltr'><em>αύτδν</em></span> <span class='ocrx_word' id='word_1_172' title='bbox 514 2168 565 2230; x_wconf 82' lang='grc' dir='ltr'><em>καλ</em></span> <span class='ocrx_word' id='word_1_173' title='bbox 582 2169 759 2252; x_wconf 84' lang='grc' dir='ltr'><em>παράνομον</em></span> <span class='ocrx_word' id='word_1_174' title='bbox 776 2168 1001 2242; x_wconf 88' lang='grc' dir='ltr'><em>ἀποκαλοῦντες.</em></span> <span class='ocrx_word' id='word_1_175' title='bbox 1038 2168 1066 2230; x_wconf 85' lang='grc' dir='ltr'><em>εί</em></span> <span class='ocrx_word' id='word_1_176' title='bbox 1082 2161 1139 2229; x_wconf 87' lang='grc' dir='ltr'><em>ούν</em></span> 
     </span>
     <span class='ocr_line' id='line_1_21' title="bbox 123 2254 1179 2351; baseline 0.002 -25"><span class='ocrx_word' id='word_1_177' title='bbox 123 2266 236 2339; x_wconf 86' lang='grc' dir='ltr'><em>πλύνας</em></span> <span class='ocrx_word' id='word_1_178' title='bbox 259 2257 297 2344; x_wconf 76' lang='grc' dir='ltr'><em>ἦν</em></span> <span class='ocrx_word' id='word_1_179' title='bbox 321 2263 336 2327; x_wconf 86' lang='grc' dir='ltr'><em>δ</em></span> <span class='ocrx_word' id='word_1_180' title='bbox 355 2266 492 2351; x_wconf 80' lang='grc' dir='ltr'><em>Χριστός,</em></span> <span class='ocrx_word' id='word_1_181' title='bbox 515 2266 556 2341; x_wconf 81' lang='grc' dir='ltr'><em>ἀς</em></span> <span class='ocrx_word' id='word_1_182' title='bbox 574 2289 658 2347; x_wconf 86' lang='grc' dir='ltr'><em>φατε,</em></span> <span class='ocrx_word' id='word_1_183' title='bbox 681 2266 731 2328; x_wconf 86' lang='grc' dir='ltr'><em>καλ</em></span> <span class='ocrx_word' id='word_1_184' title='bbox 749 2254 931 2349; x_wconf 81' lang='grc' dir='ltr'><em>παράνομος,</em></span> <span class='ocrx_word' id='word_1_185' title='bbox 955 2265 1043 2349; x_wconf 76' lang='grc' dir='ltr'><em>ἐχρῆν</em></span> <span class='ocrx_word' id='word_1_186' title='bbox 1066 2270 1138 2345; x_wconf 82' lang='grc' dir='ltr'><em>μῦλ-</em></span> <span class='ocrx_word' id='word_1_187' title='bbox 1152 2288 1179 2328; x_wconf 75' lang='grc' dir='ltr'><em>ευ</em></span> 
     </span>
     <span class='ocr_line' id='line_1_22' title="bbox 123 2361 1137 2446; baseline 0.002 -22"><span class='ocrx_word' id='word_1_188' title='bbox 123 2369 178 2424; x_wconf 89' lang='grc' dir='ltr'><em>λον</em></span> <span class='ocrx_word' id='word_1_189' title='bbox 207 2362 285 2441; x_wconf 85' lang='grc' dir='ltr'><em>ύμῦς</em></span> <span class='ocrx_word' id='word_1_190' title='bbox 316 2362 523 2444; x_wconf 78' lang='grc' dir='ltr'><em>εὐδοκιμῆσαι,</em></span> <span class='ocrx_word' id='word_1_191' title='bbox 556 2365 601 2426; x_wconf 84' lang='grc' dir='ltr'><em>ότι</em></span> <span class='ocrx_word' id='word_1_192' title='bbox 628 2364 719 2426; x_wconf 83' lang='grc' dir='ltr'><em>αύτδν</em></span> <span class='ocrx_word' id='word_1_193' title='bbox 747 2362 940 2426; x_wconf 85' lang='grc' dir='ltr'><em>ἀπεκτείνατε.</em></span> <span class='ocrx_word' id='word_1_194' title='bbox 985 2364 1013 2426; x_wconf 86' lang='grc' dir='ltr'><em>εί</em></span> <span class='ocrx_word' id='word_1_195' title='bbox 1038 2367 1093 2446; x_wconf 84' lang='grc' dir='ltr'><em>γὰρ</em></span> <span class='ocrx_word' id='word_1_196' title='bbox 1121 2361 1137 2426; x_wconf 83' lang='grc' dir='ltr'><strong>ὅ</strong></span> 
     </span>
     <span class='ocr_line' id='line_1_23' title="bbox 124 2458 1139 2544; baseline 0 -23"><span class='ocrx_word' id='word_1_197' title='bbox 124 2458 231 2533; x_wconf 70' lang='grc' dir='ltr'><em>Φινεὲς</em></span> <span class='ocrx_word' id='word_1_198' title='bbox 254 2459 306 2521; x_wconf 76' lang='grc' dir='ltr'><em>ἕνα</em></span> <span class='ocrx_word' id='word_1_199' title='bbox 328 2460 394 2522; x_wconf 87' lang='grc' dir='ltr'><em>τινὰ</em></span> <span class='ocrx_word' id='word_1_200' title='bbox 416 2471 647 2543; x_wconf 88' lang='grc' dir='ltr'><em>παρανομοῦντα</em></span> <span class='ocrx_word' id='word_1_201' title='bbox 670 2460 782 2524; x_wconf 84' lang='grc' dir='ltr'><em>ἀνελδου</em></span> <span class='ocrx_word' id='word_1_202' title='bbox 805 2460 968 2544; x_wconf 80' lang='grc' dir='ltr'><em>ὁλόκληρον</em></span> <span class='ocrx_word' id='word_1_203' title='bbox 987 2461 1043 2541; x_wconf 79' lang='grc' dir='ltr'><em>την</em></span> <span class='ocrx_word' id='word_1_204' title='bbox 1065 2460 1139 2522; x_wconf 86' lang='grc' dir='ltr'><em>κατὰ</em></span> 
     </span>
     <span class='ocr_line' id='line_1_24' title="bbox 122 2553 1139 2642; baseline 0.001 -23"><span class='ocrx_word' id='word_1_205' title='bbox 122 2566 177 2619; x_wconf 86' lang='grc' dir='ltr'><em>τοῦ</em></span> <span class='ocrx_word' id='word_1_206' title='bbox 201 2557 311 2631; x_wconf 77' lang='grc' dir='ltr'><em>ἔθνους</em></span> <span class='ocrx_word' id='word_1_207' title='bbox 335 2556 428 2640; x_wconf 73' lang='grc' dir='ltr'><em>ὀργὴν</em></span> <span class='ocrx_word' id='word_1_208' title='bbox 450 2559 578 2621; x_wconf 73' lang='grc' dir='ltr'><em>ἔπαυσεν</em></span> <span class='ocrx_word' id='word_1_209' title='bbox 597 2553 680 2642; x_wconf 76' lang='grc' dir='ltr'><em>(ἔστη</em></span> <span class='ocrx_word' id='word_1_210' title='bbox 702 2559 759 2641; x_wconf 77' lang='grc' dir='ltr'><em>γὰρ</em></span> <span class='ocrx_word' id='word_1_211' title='bbox 780 2558 884 2633; x_wconf 74' lang='grc' dir='ltr'><em>Φινεὲς</em></span> <span class='ocrx_word' id='word_1_212' title='bbox 906 2558 956 2620; x_wconf 86' lang='grc' dir='ltr'><em>καλ</em></span> <span class='ocrx_word' id='word_1_213' title='bbox 978 2558 1139 2639; x_wconf 79' lang='grc' dir='ltr'><em>ἔξιλάσατο,</em></span> 
     </span>
     <span class='ocr_line' id='line_1_25' title="bbox 121 2653 1138 2741; baseline 0 -24"><span class='ocrx_word' id='word_1_214' title='bbox 121 2653 174 2717; x_wconf 86' lang='grc' dir='ltr'><em>καλ</em></span> <span class='ocrx_word' id='word_1_215' title='bbox 202 2653 346 2717; x_wconf 79' lang='grc' dir='ltr'><em>ἐκόπασεν</em></span> <span class='ocrx_word' id='word_1_216' title='bbox 368 2654 388 2736; x_wconf 77' lang='grc' dir='ltr'>ἡ</span> <span class='ocrx_word' id='word_1_217' title='bbox 411 2662 554 2739; x_wconf 90' lang='grc' dir='ltr'><em>θραῦσις,</em></span> <span class='ocrx_word' id='word_1_218' title='bbox 581 2656 632 2718; x_wconf 80' lang='grc' dir='ltr'><em>καὶ</em></span> <span class='ocrx_word' id='word_1_219' title='bbox 658 2656 801 2739; x_wconf 75' lang='grc' dir='ltr'><em>ἐλογίσθη</em></span> <span class='ocrx_word' id='word_1_220' title='bbox 824 2657 902 2741; x_wconf 80' lang='grc' dir='ltr'><em>αύτῷ</em></span> <span class='ocrx_word' id='word_1_221' title='bbox 922 2656 965 2731; x_wconf 89' lang='grc' dir='ltr'><em>είς</em></span> <span class='ocrx_word' id='word_1_222' title='bbox 988 2657 1138 2718; x_wconf 90' lang='grc' dir='ltr'><em>δικαιοσύ-</em></span> 
     </span>
    </p>
   </div>
   <div class='ocr_carea' id='block_1_3' title="bbox 124 2836 1137 2978">
    <p class='ocr_par' dir='ltr' id='par_1_3' title="bbox 124 2836 1137 2978">
     <span class='ocr_line' id='line_1_26' title="bbox 124 2836 1137 2978; baseline -0.001 -88"><span class='ocrx_word' id='word_1_223' title='bbox 124 2913 176 2962; x_wconf 66' lang='lat'><em>105</em></span> <span class='ocrx_word' id='word_1_224' title='bbox 191 2842 235 2977; x_wconf 59' lang='grc' dir='ltr'>(11η)</span> <span class='ocrx_word' id='word_1_225' title='bbox 238 2868 270 2978; x_wconf 53' lang='grc' dir='ltr'><em>χχ</em></span> <span class='ocrx_word' id='word_1_226' title='bbox 273 2843 380 2962; x_wconf 62' lang='grc' dir='ltr'><em>γχοιλλῦ,</em></span> <span class='ocrx_word' id='word_1_227' title='bbox 396 2843 410 2891; x_wconf 94' lang='lat'>1</span> <span class='ocrx_word' id='word_1_228' title='bbox 427 2836 521 2906; x_wconf 83' lang='lat' dir='ltr'>Chrys.</span> <span class='ocrx_word' id='word_1_229' title='bbox 537 2839 572 2893; x_wconf 82' lang='grc' dir='ltr'><em>ι’ό.</em></span> <span class='ocrx_word' id='word_1_230' title='bbox 586 2837 638 2906; x_wconf 79' lang='grc' dir='ltr'><em>Ἦ,</em></span> <span class='ocrx_word' id='word_1_231' title='bbox 654 2842 670 2891; x_wconf 81' lang='grc'><strong>3</strong></span> <span class='ocrx_word' id='word_1_232' title='bbox 684 2837 781 2908; x_wconf 76' lang='lat' dir='ltr'>Migne</span> <span class='ocrx_word' id='word_1_233' title='bbox 795 2843 845 2893; x_wconf 79' lang='lat'><em>907</em></span> <span class='ocrx_word' id='word_1_234' title='bbox 856 2839 923 2894; x_wconf 82' lang='grc' dir='ltr'><em>υιοά.</em></span> <span class='ocrx_word' id='word_1_235' title='bbox 939 2870 973 2879; x_wconf 91' lang='lat'>-</span> <span class='ocrx_word' id='word_1_236' title='bbox 988 2842 1021 2893; x_wconf 77' lang='lat'><em>23</em></span> <span class='ocrx_word' id='word_1_237' title='bbox 1036 2837 1137 2891; x_wconf 75' lang='lat' dir='ltr'>Psalm.</span> 
     </span>
    </p>
   </div>
   <div class='ocr_carea' id='block_1_4' title="bbox 124 3055 1140 3203">
    <p class='ocr_par' dir='ltr' id='par_1_4' title="bbox 124 3055 1140 3203">
     <span class='ocr_line' id='line_1_27' title="bbox 199 3055 1140 3183; baseline -0.002 -70"><span class='ocrx_word' id='word_1_238' title='bbox 199 3065 213 3113; x_wconf 94' lang='lat'>1</span> <span class='ocrx_word' id='word_1_239' title='bbox 233 3059 281 3113; x_wconf 86' lang='grc' dir='ltr'><em>καλ</em></span> <span class='ocrx_word' id='word_1_240' title='bbox 295 3077 345 3115; x_wconf 89' lang='lat' dir='ltr'><em>om.</em></span> <span class='ocrx_word' id='word_1_241' title='bbox 362 3059 579 3115; x_wconf 82' lang='lat' dir='ltr'><strong>OEFLNR.-·</strong></span> <span class='ocrx_word' id='word_1_242' title='bbox 595 3066 644 3114; x_wconf 80' lang='lat'><em>3.4</em></span> <span class='ocrx_word' id='word_1_243' title='bbox 659 3057 745 3130; x_wconf 85' lang='grc' dir='ltr'><em>μυρία</em></span> <span class='ocrx_word' id='word_1_244' title='bbox 759 3059 840 3115; x_wconf 83' lang='grc' dir='ltr'><em>δεινὰ</em></span> <span class='ocrx_word' id='word_1_245' title='bbox 854 3064 999 3127; x_wconf 85' lang='grc' dir='ltr'><em>διαπραττ.</em></span> <span class='ocrx_word' id='word_1_246' title='bbox 1012 3059 1038 3113; x_wconf 87' lang='lat' dir='ltr'><strong>V</strong></span> <span class='ocrx_word' id='word_1_247' title='bbox 1053 3055 1140 3183; x_wconf 66' lang='grc' dir='ltr'><em>ργρία</em></span> 
     </span>
     <span class='ocr_line' id='line_1_28' title="bbox 124 3130 1043 3203; baseline -0.001 -18"><span class='ocrx_word' id='word_1_248' title='bbox 124 3132 222 3199; x_wconf 86' lang='grc' dir='ltr'><em>διαπρ</em></span> <span class='ocrx_word' id='word_1_249' title='bbox 238 3131 319 3186; x_wconf 84' lang='grc' dir='ltr'><em>δεινὰ</em></span> <span class='ocrx_word' id='word_1_250' title='bbox 333 3132 409 3186; x_wconf 89' lang='grc' dir='ltr'><em>Β.-</em></span> <span class='ocrx_word' id='word_1_251' title='bbox 423 3131 575 3186; x_wconf 83' lang='grc' dir='ltr'><em>ἀπελαύετε</em></span> <span class='ocrx_word' id='word_1_252' title='bbox 589 3131 638 3186; x_wconf 84' lang='lat' dir='ltr'><em>LV</em></span> <span class='ocrx_word' id='word_1_253' title='bbox 648 3132 823 3187; x_wconf 84' lang='grc' dir='ltr'><em>ἀπελαύσατε</em></span> <span class='ocrx_word' id='word_1_254' title='bbox 838 3131 858 3184; x_wconf 84' lang='lat' dir='ltr'>C</span> <span class='ocrx_word' id='word_1_255' title='bbox 872 3130 1043 3203; x_wconf 82' lang='grc' dir='ltr'><em>ἀπολόβεται</em></span> 
     </span>
    </p>
   </div>
   <div class='ocr_carea' id='block_1_5' title="bbox 124 3200 1139 3271">
    <p class='ocr_par' dir='ltr' id='par_1_5' title="bbox 124 3200 1139 3271">
     <span class='ocr_line' id='line_1_29' title="bbox 124 3200 1139 3271; baseline 0 -16"><span class='ocrx_word' id='word_1_256' title='bbox 124 3207 140 3255; x_wconf 82' lang='lat'>5</span> <span class='ocrx_word' id='word_1_257' title='bbox 156 3202 206 3255; x_wconf 85' lang='grc' dir='ltr'><em>καλ</em></span> <span class='ocrx_word' id='word_1_258' title='bbox 218 3200 396 3271; x_wconf 83' lang='grc' dir='ltr'><em>προμηθείας</em></span> <span class='ocrx_word' id='word_1_259' title='bbox 410 3203 458 3255; x_wconf 84' lang='grc' dir='ltr'><em>καλ</em></span> <span class='ocrx_word' id='word_1_260' title='bbox 472 3200 673 3270; x_wconf 76' lang='grc' dir='ltr'><em>προστασίαςῦ</em></span> <span class='ocrx_word' id='word_1_261' title='bbox 687 3203 736 3256; x_wconf 85' lang='grc' dir='ltr'><em>καλ</em></span> <span class='ocrx_word' id='word_1_262' title='bbox 749 3200 918 3269; x_wconf 86' lang='grc' dir='ltr'><em>προστασίας</em></span> <span class='ocrx_word' id='word_1_263' title='bbox 927 3219 977 3257; x_wconf 76' lang='grc' dir='ltr'><em>ουτ.</em></span> <span class='ocrx_word' id='word_1_264' title='bbox 989 3203 1063 3256; x_wconf 90' lang='lat' dir='ltr'><em>F.—</em></span> <span class='ocrx_word' id='word_1_265' title='bbox 1076 3201 1139 3256; x_wconf 83' lang='grc' dir='ltr'><em>ούτε</em></span> 
     </span>
    </p>
   </div>
   <div class='ocr_carea' id='block_1_6' title="bbox 121 3266 1138 3556">
    <p class='ocr_par' dir='ltr' id='par_1_6' title="bbox 121 3266 1138 3556">
     <span class='ocr_line' id='line_1_30' title="bbox 122 3266 1138 3343; baseline -0.001 -16"><span class='ocrx_word' id='word_1_266' title='bbox 122 3272 232 3327; x_wconf 76' lang='grc' dir='ltr'><em>-οόδὲ</em></span> <span class='ocrx_word' id='word_1_267' title='bbox 249 3274 274 3327; x_wconf 84' lang='grc' dir='ltr'><strong>Α</strong></span> <span class='ocrx_word' id='word_1_268' title='bbox 293 3272 398 3328; x_wconf 75' lang='grc' dir='ltr'><em>ούδλ-</em></span> <span class='ocrx_word' id='word_1_269' title='bbox 405 3272 573 3327; x_wconf 76' lang='grc' dir='ltr'><em>ούδὲο.-</em></span> <span class='ocrx_word' id='word_1_270' title='bbox 594 3276 658 3329; x_wconf 90' lang='grc' dir='ltr'><em>6δι</em></span> <span class='ocrx_word' id='word_1_271' title='bbox 658 3273 830 3343; x_wconf 68' lang='grc' dir='ltr'><em>ηνεκῆΙιΡλῙ</em></span> <span class='ocrx_word' id='word_1_272' title='bbox 848 3273 1048 3342; x_wconf 34' lang='grc' dir='ltr'><em>δειυὴΑΒμ</em></span> <span class='ocrx_word' id='word_1_273' title='bbox 1069 3266 1120 3325; x_wconf 81' lang='grc'><strong>7</strong></span> <span class='ocrx_word' id='word_1_274' title='bbox 1103 3293 1138 3341; x_wconf 88' lang='grc' dir='ltr'><em>ην</em></span> 
     </span>
     <span class='ocr_line' id='line_1_31' title="bbox 121 3338 1137 3437; baseline -0.003 -38"><span class='ocrx_word' id='word_1_275' title='bbox 121 3344 193 3407; x_wconf 82' lang='grc' dir='ltr'><em>θεὸς</em></span> <span class='ocrx_word' id='word_1_276' title='bbox 211 3342 272 3399; x_wconf 85' lang='grc' dir='ltr'><em>τότε</em></span> <span class='ocrx_word' id='word_1_277' title='bbox 286 3338 401 3397; x_wconf 84' lang='lat' dir='ltr'><em>DEP</em></span> <span class='ocrx_word' id='word_1_278' title='bbox 382 3364 420 3437; x_wconf 87' lang='grc' dir='ltr'><em>ην</em></span> <span class='ocrx_word' id='word_1_279' title='bbox 439 3344 538 3408; x_wconf 82' lang='grc' dir='ltr'><em>όθεδς</em></span> <span class='ocrx_word' id='word_1_280' title='bbox 555 3342 616 3401; x_wconf 86' lang='grc' dir='ltr'><em>τότε</em></span> <span class='ocrx_word' id='word_1_281' title='bbox 630 3344 679 3398; x_wconf 89' lang='grc' dir='ltr'><em>ΑΒ</em></span> <span class='ocrx_word' id='word_1_282' title='bbox 697 3345 767 3407; x_wconf 86' lang='grc' dir='ltr'><em>θεὸς</em></span> <span class='ocrx_word' id='word_1_283' title='bbox 784 3338 820 3413; x_wconf 77' lang='grc' dir='ltr'><em>ἦν</em></span> <span class='ocrx_word' id='word_1_284' title='bbox 833 3343 895 3399; x_wconf 83' lang='grc' dir='ltr'><em>τότε</em></span> <span class='ocrx_word' id='word_1_285' title='bbox 910 3342 1013 3399; x_wconf 83' lang='lat' dir='ltr'>OFM&#39;V</span> <span class='ocrx_word' id='word_1_286' title='bbox 1029 3350 1054 3398; x_wconf 82' lang='grc' dir='ltr'><em>ελ</em></span> <span class='ocrx_word' id='word_1_287' title='bbox 1066 3360 1137 3397; x_wconf 81' lang='lat' dir='ltr'><strong>rece.</strong></span> 
     </span>
     <span class='ocr_line' id='line_1_32' title="bbox 123 3410 1138 3485; baseline -0.002 -15.964"><span class='ocrx_word' id='word_1_288' title='bbox 123 3414 241 3484; x_wconf 76' lang='lat' dir='ltr'><strong>quidam</strong></span> <span class='ocrx_word' id='word_1_289' title='bbox 260 3410 394 3485; x_wconf 86' lang='grc' dir='ltr'><em>δθεδςη</em></span> <span class='ocrx_word' id='word_1_290' title='bbox 396 3412 487 3470; x_wconf 83' lang='grc' dir='ltr'><em>ντότε</em></span> <span class='ocrx_word' id='word_1_291' title='bbox 501 3432 570 3471; x_wconf 80' lang='lat' dir='ltr'>rece.</span> <span class='ocrx_word' id='word_1_292' title='bbox 587 3410 695 3485; x_wconf 77' lang='grc' dir='ltr'><em>ωΗίην</em></span> <span class='ocrx_word' id='word_1_293' title='bbox 709 3414 770 3470; x_wconf 86' lang='grc' dir='ltr'><em>τότε</em></span> <span class='ocrx_word' id='word_1_294' title='bbox 784 3414 1011 3478; x_wconf 72' lang='grc' dir='ltr'><em>θεδςΙιΟλιε.-</em></span> <span class='ocrx_word' id='word_1_295' title='bbox 1030 3414 1138 3468; x_wconf 88' lang='grc' dir='ltr'><em>9διότι</em></span> 
     </span>
     <span class='ocr_line' id='line_1_33' title="bbox 123 3485 1048 3556; baseline -0.004 -15"><span class='ocrx_word' id='word_1_296' title='bbox 123 3485 206 3541; x_wconf 82' lang='lat' dir='ltr'><strong>codd.</strong></span> <span class='ocrx_word' id='word_1_297' title='bbox 223 3494 332 3556; x_wconf 76' lang='lat' dir='ltr'><strong><em>praeter</em></strong></span> <span class='ocrx_word' id='word_1_298' title='bbox 349 3487 481 3540; x_wconf 82' lang='lat' dir='ltr'>AFR—</span> <span class='ocrx_word' id='word_1_299' title='bbox 502 3493 534 3541; x_wconf 89' lang='lat'><em>18</em></span> <span class='ocrx_word' id='word_1_300' title='bbox 554 3486 673 3542; x_wconf 80' lang='grc' dir='ltr'><em>ούδὲ”</em></span> <span class='ocrx_word' id='word_1_301' title='bbox 640 3506 728 3549; x_wconf 85' lang='grc' dir='ltr'><em>ουτως</em></span> <span class='ocrx_word' id='word_1_302' title='bbox 746 3486 826 3541; x_wconf 82' lang='lat' dir='ltr'><strong>codd</strong></span> <span class='ocrx_word' id='word_1_303' title='bbox 838 3493 948 3556; x_wconf 74' lang='lat' dir='ltr'><strong><em>praeter</em></strong></span> <span class='ocrx_word' id='word_1_304' title='bbox 965 3485 1048 3538; x_wconf 86' lang='lat' dir='ltr'><em>ABP</em></span> 
     </span>
    </p>
   </div>
   <div class='ocr_carea' id='block_1_7' title="bbox 197 3637 803 3713">
    <p class='ocr_par' dir='ltr' id='par_1_7' title="bbox 197 3637 803 3713">
     <span class='ocr_line' id='line_1_34' title="bbox 197 3637 803 3713; baseline 0 -23"><span class='ocrx_word' id='word_1_305' title='bbox 197 3641 230 3690; x_wconf 86' lang='grc'><em>19</em></span> <span class='ocrx_word' id='word_1_306' title='bbox 249 3638 345 3707; x_wconf 85' lang='grc' dir='ltr'><em>λύττης</em></span> <span class='ocrx_word' id='word_1_307' title='bbox 363 3638 392 3691; x_wconf 94' lang='grc' dir='ltr'><em>Ρ.</em></span> <span class='ocrx_word' id='word_1_308' title='bbox 413 3670 446 3678; x_wconf 93' lang='lat'>-</span> <span class='ocrx_word' id='word_1_309' title='bbox 466 3644 501 3691; x_wconf 77' lang='lat'><em>24</em></span> <span class='ocrx_word' id='word_1_310' title='bbox 520 3639 596 3713; x_wconf 75' lang='grc' dir='ltr'><em>αύτῷ</em></span> <span class='ocrx_word' id='word_1_311' title='bbox 610 3656 697 3707; x_wconf 80' lang='grc' dir='ltr'><em>φησιν</em></span> <span class='ocrx_word' id='word_1_312' title='bbox 716 3637 756 3701; x_wconf 87' lang='grc' dir='ltr'><em>είς</em></span> <span class='ocrx_word' id='word_1_313' title='bbox 773 3637 803 3690; x_wconf 89' lang='grc' dir='ltr'><em>Ρ.</em></span> 
     </span>
    </p>
   </div>
   <div class='ocr_carea' id='block_1_8' title="bbox 0 0 1317 3909">
    <p class='ocr_par' dir='ltr' id='par_1_8' title="bbox 0 0 1317 3909">
     <span class='ocr_line' id='line_1_35' title="bbox 0 0 1317 3909; baseline 0 0"><span class='ocrx_word' id='word_1_314' title='bbox 0 0 1317 3909; x_wconf 95' lang='lat' dir='ltr'><em> </em></span> 
     </span>
    </p>
   </div>
  </div>
 </body>
</html>
