<?xml version="1.0" encoding="UTF-8"?>
<!DOCTYPE html PUBLIC "-//W3C//DTD XHTML 1.0 Transitional//EN"
    "http://www.w3.org/TR/xhtml1/DTD/xhtml1-transitional.dtd">
<html xmlns="http://www.w3.org/1999/xhtml" xml:lang="en" lang="en">
 <head>
  <title>
</title>
<meta http-equiv="Content-Type" content="text/html;charset=utf-8" />
  <meta name='ocr-system' content='tesseract 3.04.00' />
  <meta name='ocr-capabilities' content='ocr_page ocr_carea ocr_par ocr_line ocrx_word'/>
</head>
<body>
  <div class='ocr_page' id='page_1' title='image "./georgiimonachic00boorgoog_0099.png"; bbox 0 0 2617 3909; ppageno 0'>
   <div class='ocr_carea' id='block_1_1' title="bbox 520 244 1126 336">
    <p class='ocr_par' dir='ltr' id='par_1_1' title="bbox 520 244 1126 336">
     <span class='ocr_line' id='line_1_1' title="bbox 520 244 1126 336; baseline 0 -38"><span class='ocrx_word' id='word_1_1' title='bbox 520 248 709 299; x_wconf 84' lang='lat' dir='ltr'>XPONIKON</span> <span class='ocrx_word' id='word_1_2' title='bbox 754 334 756 336; x_wconf 12' lang='lat' dir='ltr'>V</span> <span class='ocrx_word' id='word_1_3' title='bbox 1059 244 1126 308; x_wconf 70' lang='lat'><strong><em>475</em></strong></span> 
     </span>
    </p>
   </div>
   <div class='ocr_carea' id='block_1_2' title="bbox 95 392 1174 2829">
    <p class='ocr_par' dir='ltr' id='par_1_2' title="bbox 104 392 1128 770">
     <span class='ocr_line' id='line_1_2' title="bbox 104 392 1126 476; baseline -0.002 -19"><span class='ocrx_word' id='word_1_4' title='bbox 104 396 166 475; x_wconf 77' lang='grc' dir='ltr'><strong><em>την</em></strong></span> <span class='ocrx_word' id='word_1_5' title='bbox 193 393 288 475; x_wconf 76' lang='grc' dir='ltr'><strong><em>ἀργὴν</em></strong></span> <span class='ocrx_word' id='word_1_6' title='bbox 315 395 347 458; x_wconf 84' lang='grc' dir='ltr'><strong><em>τὸ</em></strong></span> <span class='ocrx_word' id='word_1_7' title='bbox 375 392 515 476; x_wconf 73' lang='grc' dir='ltr'><strong><em>ἡμέτερον</em></strong></span> <span class='ocrx_word' id='word_1_8' title='bbox 543 392 563 474; x_wconf 78' lang='grc' dir='ltr'><strong>ἢ</strong></span> <span class='ocrx_word' id='word_1_9' title='bbox 591 393 631 474; x_wconf 76' lang='grc' dir='ltr'><strong><em>μὴ</em></strong></span> <span class='ocrx_word' id='word_1_10' title='bbox 663 404 741 456; x_wconf 85' lang='grc' dir='ltr'><strong><em>σῶον</em></strong></span> <span class='ocrx_word' id='word_1_11' title='bbox 770 395 942 472; x_wconf 75' lang='grc' dir='ltr'><strong><em>φυλάξαντα</em></strong></span> <span class='ocrx_word' id='word_1_12' title='bbox 969 395 1040 475; x_wconf 83' lang='grc' dir='ltr'><strong><em>ὅπερ</em></strong></span> <span class='ocrx_word' id='word_1_13' title='bbox 1063 394 1126 474; x_wconf 76' lang='grc' dir='ltr'><strong><em>ἔσχε</em></strong></span> 
     </span>
     <span class='ocr_line' id='line_1_3' title="bbox 105 488 1127 575; baseline -0.004 -19"><span class='ocrx_word' id='word_1_14' title='bbox 105 488 183 575; x_wconf 83' lang='grc' dir='ltr'><strong><em>παρ’</em></strong></span> <span class='ocrx_word' id='word_1_15' title='bbox 204 490 306 573; x_wconf 75' lang='grc' dir='ltr'><strong><em>ἡμῶν,</em></strong></span> <span class='ocrx_word' id='word_1_16' title='bbox 333 502 424 554; x_wconf 89' lang='grc' dir='ltr'><strong><em>ταῦτα</em></strong></span> <span class='ocrx_word' id='word_1_17' title='bbox 447 492 497 554; x_wconf 85' lang='grc' dir='ltr'><strong><em>καί</em></strong></span> <span class='ocrx_word' id='word_1_18' title='bbox 519 492 555 554; x_wconf 83' lang='grc' dir='ltr'><strong><em>τὰ</em></strong></span> <span class='ocrx_word' id='word_1_19' title='bbox 577 501 698 554; x_wconf 89' lang='grc' dir='ltr'><strong><em>τοιαῦτα</em></strong></span> <span class='ocrx_word' id='word_1_20' title='bbox 721 492 910 572; x_wconf 78' lang='grc' dir='ltr'><strong><em>σοφιζόμενοι</em></strong></span> <span class='ocrx_word' id='word_1_21' title='bbox 932 491 982 553; x_wconf 86' lang='grc' dir='ltr'><strong><em>καί</em></strong></span> <span class='ocrx_word' id='word_1_22' title='bbox 1005 491 1072 574; x_wconf 82' lang='grc' dir='ltr'><strong><em>περὶ</em></strong></span> <span class='ocrx_word' id='word_1_23' title='bbox 1094 491 1127 553; x_wconf 84' lang='grc' dir='ltr'><strong><em>τὸ</em></strong></span> 
     </span>
     <span class='ocr_line' id='line_1_4' title="bbox 107 589 1128 673; baseline -0.002 -21"><span class='ocrx_word' id='word_1_24' title='bbox 107 592 298 673; x_wconf 83' lang='grc' dir='ltr'><strong><em>παράδειγμα</em></strong></span> <span class='ocrx_word' id='word_1_25' title='bbox 323 601 557 672; x_wconf 78' lang='grc' dir='ltr'><strong><em>κακουργοῦντες</em></strong></span> <span class='ocrx_word' id='word_1_26' title='bbox 583 590 625 663; x_wconf 90' lang='grc' dir='ltr'><strong><em>είς</em></strong></span> <span class='ocrx_word' id='word_1_27' title='bbox 651 589 806 668; x_wconf 79' lang='grc' dir='ltr'><strong><em>ἀφύκτους</em></strong></span> <span class='ocrx_word' id='word_1_28' title='bbox 833 590 883 651; x_wconf 81' lang='grc' dir='ltr'><strong><em>καὶ</em></strong></span> <span class='ocrx_word' id='word_1_29' title='bbox 906 589 1128 664; x_wconf 77' lang='grc' dir='ltr'><strong><em>ἀδκξοδεότους</em></strong></span> 
     </span>
     <span class='ocr_line' id='line_1_5' title="bbox 109 689 592 770; baseline -0.006 -18"><span class='ocrx_word' id='word_1_30' title='bbox 109 689 356 752; x_wconf 83' lang='grc' dir='ltr'><strong><em>καταπεπτώκασι</em></strong></span> <span class='ocrx_word' id='word_1_31' title='bbox 380 689 592 770; x_wconf 79' lang='grc' dir='ltr'><strong><em>λαβυρίνθους.</em></strong></span> 
     </span>
    </p>

    <p class='ocr_par' dir='ltr' id='par_1_3' title="bbox 95 781 1174 2829">
     <span class='ocr_line' id='line_1_6' title="bbox 176 781 1167 870; baseline -0.002 -22"><span class='ocrx_word' id='word_1_32' title='bbox 176 781 289 866; x_wconf 84' lang='grc' dir='ltr'><strong><em>Ἀμέλει</em></strong></span> <span class='ocrx_word' id='word_1_33' title='bbox 315 786 347 868; x_wconf 89' lang='grc' dir='ltr'><strong><em>γέ</em></strong></span> <span class='ocrx_word' id='word_1_34' title='bbox 374 809 420 848; x_wconf 90' lang='grc' dir='ltr'><strong><em>τοι</em></strong></span> <span class='ocrx_word' id='word_1_35' title='bbox 451 785 500 848; x_wconf 80' lang='grc' dir='ltr'><strong><em>καὶ</em></strong></span> <span class='ocrx_word' id='word_1_36' title='bbox 526 786 715 869; x_wconf 83' lang='grc' dir='ltr'><strong><em>Θεοδώρητος</em></strong></span> <span class='ocrx_word' id='word_1_37' title='bbox 746 787 807 866; x_wconf 82' lang='grc' dir='ltr'><strong><em>ἔφη</em></strong></span> <span class='ocrx_word' id='word_1_38' title='bbox 838 785 905 870; x_wconf 83' lang='grc' dir='ltr'><strong><em>περὶ</em></strong></span> <span class='ocrx_word' id='word_1_39' title='bbox 936 787 1049 848; x_wconf 80' lang='grc' dir='ltr'><strong><em>τούτων</em></strong></span> <span class='ocrx_word' id='word_1_40' title='bbox 1078 784 1128 846; x_wconf 85' lang='grc' dir='ltr'><strong><em>καί</em></strong></span> <span class='ocrx_word' id='word_1_41' title='bbox 1156 806 1167 846; x_wconf 76' lang='lat'><strong>5</strong></span> 
     </span>
     <span class='ocr_line' id='line_1_7' title="bbox 110 883 1130 967; baseline -0.002 -21"><span class='ocrx_word' id='word_1_42' title='bbox 110 893 172 947; x_wconf 83' lang='grc' dir='ltr'><strong><em>τῶν</em></strong></span> <span class='ocrx_word' id='word_1_43' title='bbox 198 885 342 946; x_wconf 79' lang='grc' dir='ltr'><strong><em>τοιούτων</em></strong></span> <span class='ocrx_word' id='word_1_44' title='bbox 369 883 498 946; x_wconf 86' lang='grc' dir='ltr'><strong><em>ἀνοσίων</em></strong></span> <span class='ocrx_word' id='word_1_45' title='bbox 526 885 631 959; x_wconf 70' lang='grc' dir='ltr'><strong><em>οὕτως·</em></strong></span> <span class='ocrx_word' id='word_1_46' title='bbox 663 885 719 946; x_wconf 83' lang='grc' dir='ltr'><strong><em>είσί</em></strong></span> <span class='ocrx_word' id='word_1_47' title='bbox 747 884 846 964; x_wconf 87' lang='grc' dir='ltr'><strong><em>μέντοι</em></strong></span> <span class='ocrx_word' id='word_1_48' title='bbox 872 885 905 967; x_wconf 91' lang='grc' dir='ltr'><strong><em>γέ</em></strong></span> <span class='ocrx_word' id='word_1_49' title='bbox 928 909 1006 958; x_wconf 90' lang='grc' dir='ltr'><strong><em>τινες</em></strong></span> <span class='ocrx_word' id='word_1_50' title='bbox 1028 885 1059 946; x_wconf 86' lang='grc' dir='ltr'><strong><em>οί</em></strong></span> <span class='ocrx_word' id='word_1_51' title='bbox 1079 883 1130 945; x_wconf 81' lang='grc' dir='ltr'><strong><em>καί</em></strong></span> 
     </span>
     <span class='ocr_line' id='line_1_8' title="bbox 110 979 1130 1066; baseline -0.002 -22"><span class='ocrx_word' id='word_1_52' title='bbox 110 991 289 1064; x_wconf 76' lang='grc' dir='ltr'><strong><em>γριστιανῦν</em></strong></span> <span class='ocrx_word' id='word_1_53' title='bbox 316 979 369 1062; x_wconf 77' lang='grc' dir='ltr'><strong><em>μὲν</em></strong></span> <span class='ocrx_word' id='word_1_54' title='bbox 392 984 593 1065; x_wconf 74' lang='grc' dir='ltr'><strong><em>προσηγορίαν</em></strong></span> <span class='ocrx_word' id='word_1_55' title='bbox 621 983 748 1064; x_wconf 73' lang='grc' dir='ltr'><strong><em>ἔχοντες,</em></strong></span> <span class='ocrx_word' id='word_1_56' title='bbox 775 981 915 1066; x_wconf 82' lang='grc' dir='ltr'><strong><em>ἀντικρνς</em></strong></span> <span class='ocrx_word' id='word_1_57' title='bbox 937 982 970 1046; x_wconf 79' lang='grc' dir='ltr'><strong><em>δέ</em></strong></span> <span class='ocrx_word' id='word_1_58' title='bbox 993 989 1055 1056; x_wconf 84' lang='grc' dir='ltr'><strong><em>τοῖς</em></strong></span> <span class='ocrx_word' id='word_1_59' title='bbox 1077 990 1130 1061; x_wconf 79' lang='grc' dir='ltr'><strong><em>τῆς</em></strong></span> 
     </span>
     <span class='ocr_line' id='line_1_9' title="bbox 113 1078 1130 1164; baseline -0.001 -22"><span class='ocrx_word' id='word_1_60' title='bbox 113 1081 260 1160; x_wconf 80' lang='grc' dir='ltr'><strong><em>ἀληθείας</em></strong></span> <span class='ocrx_word' id='word_1_61' title='bbox 292 1080 417 1163; x_wconf 77' lang='grc' dir='ltr'><strong><em>δόγμασι</em></strong></span> <span class='ocrx_word' id='word_1_62' title='bbox 448 1087 637 1161; x_wconf 80' lang='grc' dir='ltr'><strong><em>πολεμοῦσιν.</em></strong></span> <span class='ocrx_word' id='word_1_63' title='bbox 688 1083 719 1143; x_wconf 86' lang='grc' dir='ltr'><strong><em>οἱ</em></strong></span> <span class='ocrx_word' id='word_1_64' title='bbox 744 1078 797 1161; x_wconf 80' lang='grc' dir='ltr'><strong><em>μὲν</em></strong></span> <span class='ocrx_word' id='word_1_65' title='bbox 824 1081 878 1164; x_wconf 82' lang='grc' dir='ltr'><strong><em>γὰρ</em></strong></span> <span class='ocrx_word' id='word_1_66' title='bbox 906 1082 939 1144; x_wconf 90' lang='grc' dir='ltr'><strong><em>τὸ</em></strong></span> <span class='ocrx_word' id='word_1_67' title='bbox 967 1081 1130 1164; x_wconf 80' lang='grc' dir='ltr'><strong><em>ἀγέννητον</em></strong></span> 
     </span>
     <span class='ocr_line' id='line_1_10' title="bbox 111 1176 1130 1260; baseline -0.001 -20"><span class='ocrx_word' id='word_1_68' title='bbox 111 1179 157 1253; x_wconf 88' lang='grc' dir='ltr'><strong><em>είς</em></strong></span> <span class='ocrx_word' id='word_1_69' title='bbox 179 1180 245 1260; x_wconf 86' lang='grc' dir='ltr'><strong><em>τρία</em></strong></span> <span class='ocrx_word' id='word_1_70' title='bbox 271 1176 410 1259; x_wconf 76' lang='grc' dir='ltr'><strong><em>τέμνουσι</em></strong></span> <span class='ocrx_word' id='word_1_71' title='bbox 437 1177 486 1240; x_wconf 79' lang='grc' dir='ltr'><strong><em>καὶ</em></strong></span> <span class='ocrx_word' id='word_1_72' title='bbox 509 1180 541 1241; x_wconf 84' lang='grc' dir='ltr'><strong><em>τὸ</em></strong></span> <span class='ocrx_word' id='word_1_73' title='bbox 565 1177 618 1258; x_wconf 79' lang='grc' dir='ltr'><strong><em>μὲν</em></strong></span> <span class='ocrx_word' id='word_1_74' title='bbox 641 1185 783 1240; x_wconf 86' lang='grc' dir='ltr'><strong><em>καλοῦσιν</em></strong></span> <span class='ocrx_word' id='word_1_75' title='bbox 806 1178 938 1260; x_wconf 88' lang='grc' dir='ltr'><strong><em>ἀγαθόν,</em></strong></span> <span class='ocrx_word' id='word_1_76' title='bbox 965 1179 998 1240; x_wconf 85' lang='grc' dir='ltr'><strong><em>τὸ</em></strong></span> <span class='ocrx_word' id='word_1_77' title='bbox 1022 1177 1054 1240; x_wconf 83' lang='grc' dir='ltr'><strong><em>δέ</em></strong></span> <span class='ocrx_word' id='word_1_78' title='bbox 1077 1202 1130 1239; x_wconf 84' lang='grc' dir='ltr'><strong><em>κα·</em></strong></span> 
     </span>
     <span class='ocr_line' id='line_1_11' title="bbox 113 1275 1170 1359; baseline -0.002 -21"><span class='ocrx_word' id='word_1_79' title='bbox 113 1276 180 1357; x_wconf 85' lang='grc' dir='ltr'><strong><em>κόν,</em></strong></span> <span class='ocrx_word' id='word_1_80' title='bbox 203 1277 235 1338; x_wconf 89' lang='grc' dir='ltr'><strong><em>τὸ</em></strong></span> <span class='ocrx_word' id='word_1_81' title='bbox 260 1275 292 1338; x_wconf 77' lang='grc' dir='ltr'><strong><em>δέ</em></strong></span> <span class='ocrx_word' id='word_1_82' title='bbox 311 1278 437 1358; x_wconf 87' lang='grc' dir='ltr'><strong><em>δίκαιον,</em></strong></span> <span class='ocrx_word' id='word_1_83' title='bbox 460 1277 492 1338; x_wconf 86' lang='grc' dir='ltr'><strong><em>οί</em></strong></span> <span class='ocrx_word' id='word_1_84' title='bbox 511 1275 542 1338; x_wconf 79' lang='grc' dir='ltr'><strong><em>δέ</em></strong></span> <span class='ocrx_word' id='word_1_85' title='bbox 561 1278 616 1339; x_wconf 88' lang='grc' dir='ltr'><strong><em>δύο</em></strong></span> <span class='ocrx_word' id='word_1_86' title='bbox 635 1276 725 1359; x_wconf 85' lang='grc' dir='ltr'><strong><em>ἀρχάς</em></strong></span> <span class='ocrx_word' id='word_1_87' title='bbox 743 1276 924 1358; x_wconf 77' lang='grc' dir='ltr'><strong><em>ἀγεννήτους</em></strong></span> <span class='ocrx_word' id='word_1_88' title='bbox 942 1280 1131 1359; x_wconf 84' lang='grc' dir='ltr'><strong><em>ζωγραφοῦσι</em></strong></span> <span class='ocrx_word' id='word_1_89' title='bbox 1145 1297 1170 1338; x_wconf 84' lang='grc' dir='ltr'><strong><em>ιο</em></strong></span> 
     </span>
     <span class='ocr_line' id='line_1_12' title="bbox 113 1371 1131 1460; baseline -0.002 -24"><span class='ocrx_word' id='word_1_90' title='bbox 113 1374 251 1460; x_wconf 78' lang='grc' dir='ltr'><strong><em>τῷλόγῳ</em></strong></span> <span class='ocrx_word' id='word_1_91' title='bbox 275 1373 412 1454; x_wconf 79' lang='grc' dir='ltr'><strong><em>ἀλλήλαις</em></strong></span> <span class='ocrx_word' id='word_1_92' title='bbox 435 1374 569 1450; x_wconf 79' lang='grc' dir='ltr'><strong><em>ἐναντίας</em></strong></span> <span class='ocrx_word' id='word_1_93' title='bbox 592 1375 624 1436; x_wconf 85' lang='grc' dir='ltr'><strong><em>έκ</em></strong></span> <span class='ocrx_word' id='word_1_94' title='bbox 647 1374 814 1457; x_wconf 87' lang='grc' dir='ltr'><strong><em>διαμέτρου,</em></strong></span> <span class='ocrx_word' id='word_1_95' title='bbox 837 1373 920 1438; x_wconf 87' lang='grc' dir='ltr'><strong><em>ἀλλοι</em></strong></span> <span class='ocrx_word' id='word_1_96' title='bbox 943 1373 974 1436; x_wconf 77' lang='grc' dir='ltr'><strong><em>δέ</em></strong></span> <span class='ocrx_word' id='word_1_97' title='bbox 992 1381 1054 1447; x_wconf 83' lang='grc' dir='ltr'><strong><em>τοῖς</em></strong></span> <span class='ocrx_word' id='word_1_98' title='bbox 1076 1371 1131 1453; x_wconf 75' lang='grc' dir='ltr'><strong><em>μέν</em></strong></span> 
     </span>
     <span class='ocr_line' id='line_1_13' title="bbox 114 1469 1131 1555; baseline -0.002 -21"><span class='ocrx_word' id='word_1_99' title='bbox 114 1470 233 1554; x_wconf 88' lang='grc' dir='ltr'><strong><em>ἀσεβέσι</em></strong></span> <span class='ocrx_word' id='word_1_100' title='bbox 255 1473 370 1546; x_wconf 80' lang='grc' dir='ltr'><strong><em>τούτοις</em></strong></span> <span class='ocrx_word' id='word_1_101' title='bbox 391 1477 529 1552; x_wconf 82' lang='grc' dir='ltr'><strong><em>πολεμεῖν</em></strong></span> <span class='ocrx_word' id='word_1_102' title='bbox 552 1472 776 1554; x_wconf 75' lang='grc' dir='ltr'><strong><em>ἐπαγγέλλονται</em></strong></span> <span class='ocrx_word' id='word_1_103' title='bbox 799 1473 953 1554; x_wconf 77' lang='grc' dir='ltr'><strong><em>δόγμασιν,</em></strong></span> <span class='ocrx_word' id='word_1_104' title='bbox 976 1471 1075 1555; x_wconf 78' lang='grc' dir='ltr'><strong><em>ἑτέραν</em></strong></span> <span class='ocrx_word' id='word_1_105' title='bbox 1099 1469 1131 1532; x_wconf 81' lang='grc' dir='ltr'><strong><em>δὲ</em></strong></span> 
     </span>
     <span class='ocr_line' id='line_1_14' title="bbox 115 1558 1131 1654; baseline -0.002 -22"><span class='ocrx_word' id='word_1_106' title='bbox 115 1572 289 1652; x_wconf 81' lang='grc' dir='ltr'><strong><em>δυσσεβείας</em></strong></span> <span class='ocrx_word' id='word_1_107' title='bbox 320 1558 491 1632; x_wconf 78' lang='grc' dir='ltr'><strong><em>ἐπινοοῦσιν</em></strong></span> <span class='ocrx_word' id='word_1_108' title='bbox 521 1569 605 1634; x_wconf 85' lang='grc' dir='ltr'><strong><em>δδόν·</em></strong></span> <span class='ocrx_word' id='word_1_109' title='bbox 638 1571 691 1632; x_wconf 89' lang='grc' dir='ltr'><strong><em>τὸν</em></strong></span> <span class='ocrx_word' id='word_1_110' title='bbox 717 1571 772 1654; x_wconf 86' lang='grc' dir='ltr'><strong><em>γάρ</em></strong></span> <span class='ocrx_word' id='word_1_111' title='bbox 800 1581 854 1633; x_wconf 91' lang='grc' dir='ltr'><strong><em>τοῦ</em></strong></span> <span class='ocrx_word' id='word_1_112' title='bbox 881 1578 956 1632; x_wconf 82' lang='grc' dir='ltr'><strong><em>θεοῦ</em></strong></span> <span class='ocrx_word' id='word_1_113' title='bbox 984 1578 1131 1652; x_wconf 78' lang='grc' dir='ltr'><strong><em>μονογενῆ</em></strong></span> 
     </span>
     <span class='ocr_line' id='line_1_15' title="bbox 116 1665 1132 1756; baseline -0.001 -26"><span class='ocrx_word' id='word_1_114' title='bbox 116 1667 207 1750; x_wconf 92' lang='grc' dir='ltr'><strong><em>λόγον</em></strong></span> <span class='ocrx_word' id='word_1_115' title='bbox 231 1665 441 1750; x_wconf 84' lang='grc' dir='ltr'><strong><em>ὁμολογοῦντες</em></strong></span> <span class='ocrx_word' id='word_1_116' title='bbox 464 1668 532 1730; x_wconf 83' lang='grc' dir='ltr'><strong><em>υἱὸν</em></strong></span> <span class='ocrx_word' id='word_1_117' title='bbox 556 1667 596 1743; x_wconf 79' lang='grc' dir='ltr'><strong><em>ὡς</em></strong></span> <span class='ocrx_word' id='word_1_118' title='bbox 615 1671 731 1749; x_wconf 88' lang='grc' dir='ltr'><strong><em>ποίημα</em></strong></span> <span class='ocrx_word' id='word_1_119' title='bbox 748 1679 783 1756; x_wconf 75' lang='grc' dir='ltr'><strong><em>τῇ</em></strong></span> <span class='ocrx_word' id='word_1_120' title='bbox 802 1670 893 1732; x_wconf 86' lang='grc' dir='ltr'><strong><em>κτίσει</em></strong></span> <span class='ocrx_word' id='word_1_121' title='bbox 911 1676 1132 1751; x_wconf 87' lang='grc' dir='ltr'><strong><em>συναριθμοῦσι</em></strong></span> 
     </span>
     <span class='ocr_line' id='line_1_16' title="bbox 117 1765 1172 1849; baseline -0.002 -21"><span class='ocrx_word' id='word_1_122' title='bbox 117 1765 168 1828; x_wconf 86' lang='grc' dir='ltr'><strong><em>καί</em></strong></span> <span class='ocrx_word' id='word_1_123' title='bbox 201 1765 252 1828; x_wconf 83' lang='grc' dir='ltr'><strong><em>τόν</em></strong></span> <span class='ocrx_word' id='word_1_124' title='bbox 283 1768 403 1846; x_wconf 89' lang='grc' dir='ltr'><strong><em>κτίστην</em></strong></span> <span class='ocrx_word' id='word_1_125' title='bbox 436 1767 535 1828; x_wconf 83' lang='grc' dir='ltr'><strong><em>ίστῶσι</em></strong></span> <span class='ocrx_word' id='word_1_126' title='bbox 567 1767 638 1847; x_wconf 81' lang='grc' dir='ltr'><strong><em>μετὰ</em></strong></span> <span class='ocrx_word' id='word_1_127' title='bbox 670 1776 722 1848; x_wconf 79' lang='grc' dir='ltr'><strong><em>τῆς</em></strong></span> <span class='ocrx_word' id='word_1_128' title='bbox 753 1769 873 1842; x_wconf 85' lang='grc' dir='ltr'><strong><em>κτίσεως</em></strong></span> <span class='ocrx_word' id='word_1_129' title='bbox 903 1767 954 1829; x_wconf 78' lang='grc' dir='ltr'><strong><em>καί</em></strong></span> <span class='ocrx_word' id='word_1_130' title='bbox 985 1769 1017 1830; x_wconf 88' lang='grc' dir='ltr'><strong><em>τὸ</em></strong></span> <span class='ocrx_word' id='word_1_131' title='bbox 1046 1768 1132 1849; x_wconf 82' lang='grc' dir='ltr'><strong><em>ἀγιον</em></strong></span> <span class='ocrx_word' id='word_1_132' title='bbox 1146 1787 1172 1826; x_wconf 80' lang='lat'><strong><em>15</em></strong></span> 
     </span>
     <span class='ocr_line' id='line_1_17' title="bbox 116 1865 1132 1951; baseline -0.001 -26"><span class='ocrx_word' id='word_1_133' title='bbox 116 1873 236 1943; x_wconf 87' lang='grc' dir='ltr'><strong><em>πνεῦμα</em></strong></span> <span class='ocrx_word' id='word_1_134' title='bbox 267 1870 306 1948; x_wconf 80' lang='grc' dir='ltr'><strong><em>τῷ</em></strong></span> <span class='ocrx_word' id='word_1_135' title='bbox 336 1865 476 1945; x_wconf 86' lang='grc' dir='ltr'><strong><em>δυσσεβεῖ</em></strong></span> <span class='ocrx_word' id='word_1_136' title='bbox 503 1866 578 1951; x_wconf 78' lang='grc' dir='ltr'><strong><em>λόγῳ</em></strong></span> <span class='ocrx_word' id='word_1_137' title='bbox 610 1875 664 1945; x_wconf 80' lang='grc' dir='ltr'><strong><em>τῆς</em></strong></span> <span class='ocrx_word' id='word_1_138' title='bbox 695 1868 782 1939; x_wconf 90' lang='grc' dir='ltr'><strong><em>θείας</em></strong></span> <span class='ocrx_word' id='word_1_139' title='bbox 813 1866 974 1948; x_wconf 74' lang='grc' dir='ltr'><strong><em>ἐξορίζουσι</em></strong></span> <span class='ocrx_word' id='word_1_140' title='bbox 1006 1867 1132 1945; x_wconf 83' lang='grc' dir='ltr'><strong><em>φύσεως.</em></strong></span> 
     </span>
     <span class='ocr_line' id='line_1_18' title="bbox 116 1959 1133 2041; baseline -0.001 -18"><span class='ocrx_word' id='word_1_141' title='bbox 116 1959 201 2023; x_wconf 82' lang='grc' dir='ltr'><strong><em>ἀλλοι</em></strong></span> <span class='ocrx_word' id='word_1_142' title='bbox 223 1963 255 2024; x_wconf 81' lang='grc' dir='ltr'><strong><em>δὲ</em></strong></span> <span class='ocrx_word' id='word_1_143' title='bbox 278 1960 372 2036; x_wconf 83' lang='grc' dir='ltr'><strong><em>ἀλλως</em></strong></span> <span class='ocrx_word' id='word_1_144' title='bbox 394 1962 449 2041; x_wconf 81' lang='grc' dir='ltr'><strong><em>τὴν</em></strong></span> <span class='ocrx_word' id='word_1_145' title='bbox 471 1963 594 2025; x_wconf 79' lang='grc' dir='ltr'><strong><em>εὐθεῖαν</em></strong></span> <span class='ocrx_word' id='word_1_146' title='bbox 613 1963 686 2026; x_wconf 89' lang='grc' dir='ltr'><strong><em>δδὸν</em></strong></span> <span class='ocrx_word' id='word_1_147' title='bbox 708 1963 901 2037; x_wconf 79' lang='grc' dir='ltr'><strong><em>ἀπολέσαντες</em></strong></span> <span class='ocrx_word' id='word_1_148' title='bbox 923 1963 973 2025; x_wconf 86' lang='grc' dir='ltr'><strong><em>καί</em></strong></span> <span class='ocrx_word' id='word_1_149' title='bbox 994 1969 1055 2037; x_wconf 84' lang='grc' dir='ltr'><strong><em>τοῖς</em></strong></span> <span class='ocrx_word' id='word_1_150' title='bbox 1073 1972 1133 2023; x_wconf 83' lang='grc' dir='ltr'><strong><em>τῶν</em></strong></span> 
     </span>
     <span class='ocr_line' id='line_1_19' title="bbox 116 2059 1133 2142; baseline -0.002 -21"><span class='ocrx_word' id='word_1_151' title='bbox 116 2059 343 2141; x_wconf 87' lang='grc' dir='ltr'><strong><em>προοδευκότων</em></strong></span> <span class='ocrx_word' id='word_1_152' title='bbox 371 2061 480 2141; x_wconf 80' lang='grc' dir='ltr'><strong><em>ἴχνεσιν</em></strong></span> <span class='ocrx_word' id='word_1_153' title='bbox 509 2059 716 2141; x_wconf 76' lang='grc' dir='ltr'><strong><em>ἀκολουθῆσαι</em></strong></span> <span class='ocrx_word' id='word_1_154' title='bbox 744 2061 784 2141; x_wconf 81' lang='grc' dir='ltr'><strong><em>μὴ</em></strong></span> <span class='ocrx_word' id='word_1_155' title='bbox 811 2060 1011 2142; x_wconf 85' lang='grc' dir='ltr'><strong><em>βουληθέντες</em></strong></span> <span class='ocrx_word' id='word_1_156' title='bbox 1033 2059 1133 2141; x_wconf 86' lang='grc' dir='ltr'><strong><em>πόρρω</em></strong></span> 
     </span>
     <span class='ocr_line' id='line_1_20' title="bbox 95 2155 1133 2240; baseline -0.003 -21"><span class='ocrx_word' id='word_1_157' title='bbox 95 2167 178 2220; x_wconf 81' lang='grc' dir='ltr'><strong><em>’που</em></strong></span> <span class='ocrx_word' id='word_1_158' title='bbox 201 2167 254 2238; x_wconf 78' lang='grc' dir='ltr'><strong><em>τῆς</em></strong></span> <span class='ocrx_word' id='word_1_159' title='bbox 276 2155 419 2237; x_wconf 79' lang='grc' dir='ltr'><strong><em>ἀληθείαις</em></strong></span> <span class='ocrx_word' id='word_1_160' title='bbox 442 2157 587 2240; x_wconf 89' lang='grc' dir='ltr'><strong><em>έγένοντο,</em></strong></span> <span class='ocrx_word' id='word_1_161' title='bbox 609 2158 660 2220; x_wconf 84' lang='grc' dir='ltr'><strong><em>καί</em></strong></span> <span class='ocrx_word' id='word_1_162' title='bbox 682 2160 715 2221; x_wconf 90' lang='grc' dir='ltr'><strong><em>οί</em></strong></span> <span class='ocrx_word' id='word_1_163' title='bbox 735 2157 789 2238; x_wconf 74' lang='grc' dir='ltr'><strong><em>μέν</em></strong></span> <span class='ocrx_word' id='word_1_164' title='bbox 810 2159 866 2238; x_wconf 79' lang='grc' dir='ltr'><strong><em>τὴν</em></strong></span> <span class='ocrx_word' id='word_1_165' title='bbox 884 2156 958 2240; x_wconf 79' lang='grc' dir='ltr'><strong><em>όπέρ</em></strong></span> <span class='ocrx_word' id='word_1_166' title='bbox 977 2155 1063 2237; x_wconf 70' lang='grc' dir='ltr'><strong><em>ἡμῶν</em></strong></span> <span class='ocrx_word' id='word_1_167' title='bbox 1086 2179 1133 2237; x_wconf 89' lang='grc' dir='ltr'><strong><em>γε-</em></strong></span> 
     </span>
     <span class='ocr_line' id='line_1_21' title="bbox 117 2253 1174 2340; baseline -0.003 -24"><span class='ocrx_word' id='word_1_168' title='bbox 117 2253 286 2338; x_wconf 87' lang='grc' dir='ltr'><strong><em>γενημένην</em></strong></span> <span class='ocrx_word' id='word_1_169' title='bbox 309 2255 482 2336; x_wconf 80' lang='grc' dir='ltr'><strong><em>οἰκονομίαν</em></strong></span> <span class='ocrx_word' id='word_1_170' title='bbox 505 2262 653 2330; x_wconf 82' lang='grc' dir='ltr'><strong><em>παντελῶς</em></strong></span> <span class='ocrx_word' id='word_1_171' title='bbox 676 2256 898 2340; x_wconf 81' lang='grc' dir='ltr'><strong><em>ἀπηρνήσαντο,</em></strong></span> <span class='ocrx_word' id='word_1_172' title='bbox 921 2257 954 2318; x_wconf 86' lang='grc' dir='ltr'><strong><em>οί</em></strong></span> <span class='ocrx_word' id='word_1_173' title='bbox 974 2255 1006 2318; x_wconf 77' lang='grc' dir='ltr'><strong><em>δὲ</em></strong></span> <span class='ocrx_word' id='word_1_174' title='bbox 1029 2255 1134 2336; x_wconf 86' lang='grc' dir='ltr'><strong><em>όμολο-</em></strong></span> <span class='ocrx_word' id='word_1_175' title='bbox 1148 2275 1174 2314; x_wconf 79' lang='grc' dir='ltr'><strong><em>ιο</em></strong></span> 
     </span>
     <span class='ocr_line' id='line_1_22' title="bbox 117 2349 1134 2436; baseline -0.001 -22"><span class='ocrx_word' id='word_1_176' title='bbox 117 2362 207 2435; x_wconf 92' lang='grc' dir='ltr'><strong><em>γοῦσι</em></strong></span> <span class='ocrx_word' id='word_1_177' title='bbox 234 2349 287 2431; x_wconf 81' lang='grc' dir='ltr'><strong><em>μὲν</em></strong></span> <span class='ocrx_word' id='word_1_178' title='bbox 314 2352 547 2436; x_wconf 79' lang='grc' dir='ltr'><strong><em>ένανθρωπῆσαι</em></strong></span> <span class='ocrx_word' id='word_1_179' title='bbox 573 2354 625 2416; x_wconf 87' lang='grc' dir='ltr'><strong><em>τὸν</em></strong></span> <span class='ocrx_word' id='word_1_180' title='bbox 650 2354 725 2416; x_wconf 90' lang='grc' dir='ltr'><strong><em>θεὸν</em></strong></span> <span class='ocrx_word' id='word_1_181' title='bbox 747 2355 850 2436; x_wconf 90' lang='grc' dir='ltr'><strong><em>λόγον,</em></strong></span> <span class='ocrx_word' id='word_1_182' title='bbox 877 2364 962 2434; x_wconf 83' lang='grc' dir='ltr'><strong><em>σῶμα</em></strong></span> <span class='ocrx_word' id='word_1_183' title='bbox 985 2352 1017 2416; x_wconf 79' lang='grc' dir='ltr'><strong><em>δὲ</em></strong></span> <span class='ocrx_word' id='word_1_184' title='bbox 1040 2351 1134 2433; x_wconf 86' lang='grc' dir='ltr'><strong><em>μόνον</em></strong></span> 
     </span>
     <span class='ocr_line' id='line_1_23' title="bbox 118 2449 1134 2532; baseline -0.001 -20"><span class='ocrx_word' id='word_1_185' title='bbox 118 2449 326 2531; x_wconf 79' lang='grc' dir='ltr'><strong><em>ἀνειληφέναι,</em></strong></span> <span class='ocrx_word' id='word_1_186' title='bbox 359 2452 390 2512; x_wconf 80' lang='grc' dir='ltr'><strong><em>οἱ</em></strong></span> <span class='ocrx_word' id='word_1_187' title='bbox 420 2449 452 2514; x_wconf 76' lang='grc' dir='ltr'><strong><em>δέ</em></strong></span> <span class='ocrx_word' id='word_1_188' title='bbox 483 2451 619 2532; x_wconf 79' lang='grc' dir='ltr'><strong><em>ἔμψυχον</em></strong></span> <span class='ocrx_word' id='word_1_189' title='bbox 652 2449 705 2532; x_wconf 78' lang='grc' dir='ltr'><strong><em>μὲν</em></strong></span> <span class='ocrx_word' id='word_1_190' title='bbox 733 2458 856 2515; x_wconf 91' lang='grc' dir='ltr'><strong><em>καλοῦσι</em></strong></span> <span class='ocrx_word' id='word_1_191' title='bbox 883 2452 938 2532; x_wconf 79' lang='grc' dir='ltr'><strong><em>την</em></strong></span> <span class='ocrx_word' id='word_1_192' title='bbox 965 2457 1134 2532; x_wconf 84' lang='grc' dir='ltr'><strong><em>ληφθεῖσαν</em></strong></span> 
     </span>
     <span class='ocr_line' id='line_1_24' title="bbox 119 2547 1133 2634; baseline -0.002 -24"><span class='ocrx_word' id='word_1_193' title='bbox 119 2549 224 2629; x_wconf 81' lang='grc' dir='ltr'><strong><em>σάρκα,</em></strong></span> <span class='ocrx_word' id='word_1_194' title='bbox 247 2547 284 2609; x_wconf 81' lang='grc' dir='ltr'><strong><em>οὐ</em></strong></span> <span class='ocrx_word' id='word_1_195' title='bbox 306 2547 361 2628; x_wconf 76' lang='grc' dir='ltr'><strong><em>τὴν</em></strong></span> <span class='ocrx_word' id='word_1_196' title='bbox 384 2549 506 2632; x_wconf 80' lang='grc' dir='ltr'><strong><em>λογικὴν</em></strong></span> <span class='ocrx_word' id='word_1_197' title='bbox 529 2547 562 2611; x_wconf 81' lang='grc' dir='ltr'><strong><em>δὲ</em></strong></span> <span class='ocrx_word' id='word_1_198' title='bbox 584 2549 634 2611; x_wconf 90' lang='grc' dir='ltr'><strong><em>καί</em></strong></span> <span class='ocrx_word' id='word_1_199' title='bbox 654 2549 762 2632; x_wconf 83' lang='grc' dir='ltr'><strong><em>νοεράν</em></strong></span> <span class='ocrx_word' id='word_1_200' title='bbox 784 2550 817 2612; x_wconf 83' lang='grc' dir='ltr'><strong><em>έν</em></strong></span> <span class='ocrx_word' id='word_1_201' title='bbox 839 2551 931 2634; x_wconf 87' lang='grc' dir='ltr'><strong><em>ταότη</em></strong></span> <span class='ocrx_word' id='word_1_202' title='bbox 953 2556 1133 2632; x_wconf 80' lang='grc' dir='ltr'><strong><em>γεγενῆσθαι</em></strong></span> 
     </span>
     <span class='ocr_line' id='line_1_25' title="bbox 119 2645 1132 2730; baseline -0.001 -24"><span class='ocrx_word' id='word_1_203' title='bbox 119 2645 224 2726; x_wconf 71' lang='grc' dir='ltr'><strong><em>ψυχὴν</em></strong></span> <span class='ocrx_word' id='word_1_204' title='bbox 252 2647 325 2720; x_wconf 82' lang='grc' dir='ltr'><strong><em>ἴσως</em></strong></span> <span class='ocrx_word' id='word_1_205' title='bbox 353 2647 407 2726; x_wconf 80' lang='grc' dir='ltr'><strong><em>τὴν</em></strong></span> <span class='ocrx_word' id='word_1_206' title='bbox 440 2648 551 2708; x_wconf 85' lang='grc' dir='ltr'><strong><em>οίκείαν</em></strong></span> <span class='ocrx_word' id='word_1_207' title='bbox 579 2645 685 2710; x_wconf 84' lang='grc' dir='ltr'><strong><em>ἀνοιαν</em></strong></span> <span class='ocrx_word' id='word_1_208' title='bbox 712 2658 798 2710; x_wconf 89' lang='grc' dir='ltr'><strong><em>τοῦτο</em></strong></span> <span class='ocrx_word' id='word_1_209' title='bbox 825 2649 983 2730; x_wconf 79' lang='grc' dir='ltr'><strong><em>τεκμήριον</em></strong></span> <span class='ocrx_word' id='word_1_210' title='bbox 1009 2648 1132 2728; x_wconf 83' lang='grc' dir='ltr'><strong><em>ἔχοντες.</em></strong></span> 
     </span>
     <span class='ocr_line' id='line_1_26' title="bbox 119 2740 1173 2829; baseline 0 -25"><span class='ocrx_word' id='word_1_211' title='bbox 119 2740 206 2824; x_wconf 79' lang='grc' dir='ltr'><strong><em>ἡμεῖς</em></strong></span> <span class='ocrx_word' id='word_1_212' title='bbox 226 2741 269 2804; x_wconf 80' lang='grc' dir='ltr'><strong><em>’δέ</em></strong></span> <span class='ocrx_word' id='word_1_213' title='bbox 298 2743 464 2826; x_wconf 81' lang='grc' dir='ltr'><strong><em>ἀνθρώπου</em></strong></span> <span class='ocrx_word' id='word_1_214' title='bbox 491 2745 594 2826; x_wconf 80' lang='grc' dir='ltr'><strong><em>ψυχὴν</em></strong></span> <span class='ocrx_word' id='word_1_215' title='bbox 621 2745 763 2825; x_wconf 80' lang='grc' dir='ltr'><strong><em>οὐδεμίαν</em></strong></span> <span class='ocrx_word' id='word_1_216' title='bbox 790 2747 874 2826; x_wconf 86' lang='grc' dir='ltr'><strong><em>ίσμεν</em></strong></span> <span class='ocrx_word' id='word_1_217' title='bbox 901 2745 1001 2829; x_wconf 74' lang='grc' dir='ltr'><strong><em>ἑτέραν</em></strong></span> <span class='ocrx_word' id='word_1_218' title='bbox 1028 2744 1049 2825; x_wconf 70' lang='grc' dir='ltr'><strong>ἢ</strong></span> <span class='ocrx_word' id='word_1_219' title='bbox 1076 2744 1131 2823; x_wconf 76' lang='grc' dir='ltr'><strong><em>τὴν</em></strong></span> <span class='ocrx_word' id='word_1_220' title='bbox 1146 2764 1173 2804; x_wconf 80' lang='lat'><strong><em>25</em></strong></span> 
     </span>
    </p>
   </div>
   <div class='ocr_carea' id='block_1_3' title="bbox 196 2940 1135 3015">
    <p class='ocr_par' dir='ltr' id='par_1_4' title="bbox 196 2940 1135 3015">
     <span class='ocr_line' id='line_1_27' title="bbox 196 2940 1135 3015; baseline -0.002 -18"><span class='ocrx_word' id='word_1_221' title='bbox 196 2949 283 3012; x_wconf 81' lang='lat' dir='ltr'><em>5-p.</em></span> <span class='ocrx_word' id='word_1_222' title='bbox 299 2949 384 3011; x_wconf 72' lang='lat'><strong>476‚1</strong></span> <span class='ocrx_word' id='word_1_223' title='bbox 405 2943 571 2999; x_wconf 75' lang='lat' dir='ltr'>Theodoret.</span> <span class='ocrx_word' id='word_1_224' title='bbox 586 2944 621 2998; x_wconf 83' lang='lat' dir='ltr'><strong><em>de</em></strong></span> <span class='ocrx_word' id='word_1_225' title='bbox 635 2944 771 3014; x_wconf 77' lang='lat' dir='ltr'><strong>provid,I</strong></span> <span class='ocrx_word' id='word_1_226' title='bbox 789 2944 885 3015; x_wconf 82' lang='lat' dir='ltr'><strong>Migne</strong></span> <span class='ocrx_word' id='word_1_227' title='bbox 899 2944 976 3000; x_wconf 84' lang='lat' dir='ltr'><strong>Tom.</strong></span> <span class='ocrx_word' id='word_1_228' title='bbox 993 2948 1036 3010; x_wconf 79' lang='lat'><strong><em>83,</em></strong></span> <span class='ocrx_word' id='word_1_229' title='bbox 1046 2948 1099 2997; x_wconf 80' lang='grc' dir='ltr'><strong><em>ὁσθ</em></strong></span> <span class='ocrx_word' id='word_1_230' title='bbox 1107 2940 1135 2996; x_wconf 83' lang='lat' dir='ltr'><strong><em>O.</em></strong></span> 
     </span>
    </p>
   </div>
   <div class='ocr_carea' id='block_1_4' title="bbox 122 3113 1137 3540">
    <p class='ocr_par' dir='ltr' id='par_1_5' title="bbox 122 3113 1137 3540">
     <span class='ocr_line' id='line_1_28' title="bbox 196 3113 1137 3183; baseline 0 -17"><span class='ocrx_word' id='word_1_231' title='bbox 196 3119 212 3167; x_wconf 82' lang='lat'>5</span> <span class='ocrx_word' id='word_1_232' title='bbox 226 3113 290 3179; x_wconf 77' lang='grc' dir='ltr'><strong><em>περὶ</em></strong></span> <span class='ocrx_word' id='word_1_233' title='bbox 303 3114 409 3167; x_wconf 78' lang='grc' dir='ltr'><strong><em>τούτων</em></strong></span> <span class='ocrx_word' id='word_1_234' title='bbox 423 3121 482 3167; x_wconf 81' lang='grc' dir='ltr'><strong><em>τῶν</em></strong></span> <span class='ocrx_word' id='word_1_235' title='bbox 493 3116 559 3183; x_wconf 84' lang='grc' dir='ltr'><strong><em>(τῶν</em></strong></span> <span class='ocrx_word' id='word_1_236' title='bbox 572 3129 622 3168; x_wconf 84' lang='lat' dir='ltr'><strong><em>om.</em></strong></span> <span class='ocrx_word' id='word_1_237' title='bbox 638 3113 703 3168; x_wconf 79' lang='lat' dir='ltr'><strong><em>Exc.</em></strong></span> <span class='ocrx_word' id='word_1_238' title='bbox 718 3131 774 3183; x_wconf 80' lang='grc' dir='ltr'><strong><em>εμτ.</em></strong></span> <span class='ocrx_word' id='word_1_239' title='bbox 784 3131 849 3170; x_wconf 71' lang='lat' dir='ltr'><strong><em>vers.</em></strong></span> <span class='ocrx_word' id='word_1_240' title='bbox 865 3131 899 3168; x_wconf 85' lang='grc' dir='ltr'><strong><em>οι.</em></strong></span> <span class='ocrx_word' id='word_1_241' title='bbox 914 3118 934 3168; x_wconf 82' lang='lat'><em>2</em></span> <span class='ocrx_word' id='word_1_242' title='bbox 946 3120 979 3168; x_wconf 78' lang='lat' dir='ltr'><strong><em>ut</em></strong></span> <span class='ocrx_word' id='word_1_243' title='bbox 991 3115 1045 3168; x_wconf 80' lang='lat' dir='ltr'><strong><em>vid.</em></strong></span> <span class='ocrx_word' id='word_1_244' title='bbox 1056 3113 1088 3166; x_wconf 85' lang='grc' dir='ltr'><strong><em>ίκ</em></strong></span> <span class='ocrx_word' id='word_1_245' title='bbox 1101 3113 1137 3182; x_wconf 87' lang='lat' dir='ltr'><strong><em>D)</em></strong></span> 
     </span>
     <span class='ocr_line' id='line_1_29' title="bbox 122 3181 1137 3256; baseline -0.001 -17"><span class='ocrx_word' id='word_1_246' title='bbox 122 3181 247 3239; x_wconf 79' lang='grc' dir='ltr'><strong><em>ἀνοσίων</em></strong></span> <span class='ocrx_word' id='word_1_247' title='bbox 264 3183 316 3237; x_wconf 86' lang='lat' dir='ltr'><strong><em>BD</em></strong></span> <span class='ocrx_word' id='word_1_248' title='bbox 327 3183 392 3238; x_wconf 74' lang='lat' dir='ltr'><strong><em>Exn.</em></strong></span> <span class='ocrx_word' id='word_1_249' title='bbox 417 3215 450 3224; x_wconf 91' lang='lat'><strong><em>-—</em></strong></span> <span class='ocrx_word' id='word_1_250' title='bbox 475 3190 491 3238; x_wconf 91' lang='grc'>6</span> <span class='ocrx_word' id='word_1_251' title='bbox 509 3184 558 3238; x_wconf 83' lang='grc' dir='ltr'><strong><em>καί</em></strong></span> <span class='ocrx_word' id='word_1_252' title='bbox 576 3201 626 3240; x_wconf 79' lang='lat' dir='ltr'><strong><em>om.</em></strong></span> <span class='ocrx_word' id='word_1_253' title='bbox 648 3183 769 3239; x_wconf 88' lang='lat' dir='ltr'><strong>BN.·-</strong></span> <span class='ocrx_word' id='word_1_254' title='bbox 798 3191 813 3238; x_wconf 81' lang='grc'><strong>7</strong></span> <span class='ocrx_word' id='word_1_255' title='bbox 833 3185 926 3256; x_wconf 73' lang='grc' dir='ltr'><strong><em>ἔχουσι</em></strong></span> <span class='ocrx_word' id='word_1_256' title='bbox 943 3184 1083 3238; x_wconf 78' lang='lat' dir='ltr'><strong>VTheod.</strong></span> <span class='ocrx_word' id='word_1_257' title='bbox 1103 3215 1137 3224; x_wconf 88' lang='lat'>-</span> 
     </span>
     <span class='ocr_line' id='line_1_30' title="bbox 124 3252 1137 3328; baseline -0.002 -18"><span class='ocrx_word' id='word_1_258' title='bbox 124 3261 158 3310; x_wconf 84' lang='lat'><strong><em>11</em></strong></span> <span class='ocrx_word' id='word_1_259' title='bbox 179 3252 322 3317; x_wconf 77' lang='grc' dir='ltr'><strong><em>ἐναντίαις</em></strong></span> <span class='ocrx_word' id='word_1_260' title='bbox 339 3253 437 3309; x_wconf 73' lang='lat' dir='ltr'>RExo.</span> <span class='ocrx_word' id='word_1_261' title='bbox 464 3287 496 3296; x_wconf 88' lang='lat'><em>-</em></span> <span class='ocrx_word' id='word_1_262' title='bbox 520 3255 598 3309; x_wconf 75' lang='grc' dir='ltr'><strong><em>ἄλλοι</em></strong></span> <span class='ocrx_word' id='word_1_263' title='bbox 616 3253 687 3328; x_wconf 52' lang='grc' dir='ltr'><strong><em>(ἀλλ’.</em></strong></span> <span class='ocrx_word' id='word_1_264' title='bbox 704 3255 732 3311; x_wconf 77' lang='grc' dir='ltr'><strong><em>οί</em></strong></span> <span class='ocrx_word' id='word_1_265' title='bbox 749 3257 785 3324; x_wconf 81' lang='lat' dir='ltr'><strong><em>V)</em></strong></span> <span class='ocrx_word' id='word_1_266' title='bbox 804 3257 855 3325; x_wconf 74' lang='grc' dir='ltr'><strong><em>μέν</em></strong></span> <span class='ocrx_word' id='word_1_267' title='bbox 872 3265 932 3318; x_wconf 83' lang='grc' dir='ltr'><strong><em>τοῖς</em></strong></span> <span class='ocrx_word' id='word_1_268' title='bbox 950 3254 1060 3328; x_wconf 83' lang='grc' dir='ltr'><strong><em>ἀσεβέσι</em></strong></span> <span class='ocrx_word' id='word_1_269' title='bbox 1078 3255 1137 3309; x_wconf 70' lang='lat' dir='ltr'><strong><em>RV.</em></strong></span> 
     </span>
     <span class='ocr_line' id='line_1_31' title="bbox 123 3325 1137 3396; baseline 0.003 -17"><span class='ocrx_word' id='word_1_270' title='bbox 123 3359 159 3368; x_wconf 91' lang='lat'><em>-</em></span> <span class='ocrx_word' id='word_1_271' title='bbox 184 3331 217 3380; x_wconf 81' lang='lat'><strong><em>13</em></strong></span> <span class='ocrx_word' id='word_1_272' title='bbox 236 3333 390 3396; x_wconf 82' lang='grc' dir='ltr'><strong><em>μονογεννῆ</em></strong></span> <span class='ocrx_word' id='word_1_273' title='bbox 408 3325 467 3380; x_wconf 74' lang='lat' dir='ltr'><strong><em>RV.</em></strong></span> <span class='ocrx_word' id='word_1_274' title='bbox 491 3357 525 3367; x_wconf 92' lang='lat'><em>-</em></span> <span class='ocrx_word' id='word_1_275' title='bbox 550 3331 583 3379; x_wconf 81' lang='grc'><strong><em>17</em></strong></span> <span class='ocrx_word' id='word_1_276' title='bbox 602 3329 721 3382; x_wconf 77' lang='grc' dir='ltr'><strong><em>εὐθεῖαν</em></strong></span> <span class='ocrx_word' id='word_1_277' title='bbox 738 3327 813 3382; x_wconf 78' lang='lat' dir='ltr'><strong><em>APV</em></strong></span> <span class='ocrx_word' id='word_1_278' title='bbox 821 3326 1002 3382; x_wconf 77' lang='lat' dir='ltr'><strong>Exc.Theod.</strong></span> <span class='ocrx_word' id='word_1_279' title='bbox 1021 3335 1048 3382; x_wconf 77' lang='lat' dir='ltr'><strong><em>et</em></strong></span> <span class='ocrx_word' id='word_1_280' title='bbox 1068 3342 1137 3382; x_wconf 78' lang='lat' dir='ltr'><em>eom-</em></span> 
     </span>
     <span class='ocr_line' id='line_1_32' title="bbox 122 3395 1137 3468; baseline -0.002 -16"><span class='ocrx_word' id='word_1_281' title='bbox 122 3399 225 3468; x_wconf 80' lang='grc' dir='ltr'><strong><em>μεκιίίο</em></strong></span> <span class='ocrx_word' id='word_1_282' title='bbox 247 3400 379 3467; x_wconf 76' lang='lat' dir='ltr'><strong><em>scriptum</em></strong></span> <span class='ocrx_word' id='word_1_283' title='bbox 396 3397 418 3450; x_wconf 91' lang='lat' dir='ltr'>B</span> <span class='ocrx_word' id='word_1_284' title='bbox 441 3395 527 3452; x_wconf 80' lang='grc' dir='ltr'><strong><em>θείαν</em></strong></span> <span class='ocrx_word' id='word_1_285' title='bbox 550 3397 610 3452; x_wconf 79' lang='lat' dir='ltr'><strong>rell.</strong></span> <span class='ocrx_word' id='word_1_286' title='bbox 635 3431 668 3438; x_wconf 96' lang='lat'>-</span> <span class='ocrx_word' id='word_1_287' title='bbox 693 3403 726 3452; x_wconf 91' lang='lat'><strong><em>18</em></strong></span> <span class='ocrx_word' id='word_1_288' title='bbox 745 3398 964 3467; x_wconf 75' lang='grc' dir='ltr'><strong><em>προωδευκότων</em></strong></span> <span class='ocrx_word' id='word_1_289' title='bbox 983 3397 1081 3451; x_wconf 77' lang='lat' dir='ltr'>EExo.</span> <span class='ocrx_word' id='word_1_290' title='bbox 1106 3428 1137 3436; x_wconf 90' lang='lat'>-</span> 
     </span>
     <span class='ocr_line' id='line_1_33' title="bbox 124 3468 753 3540; baseline 0 -16"><span class='ocrx_word' id='word_1_291' title='bbox 124 3475 159 3524; x_wconf 75' lang='lat'><strong><em>23</em></strong></span> <span class='ocrx_word' id='word_1_292' title='bbox 180 3469 223 3540; x_wconf 76' lang='grc' dir='ltr'><strong><em>δὲ]</em></strong></span> <span class='ocrx_word' id='word_1_293' title='bbox 241 3489 270 3524; x_wconf 89' lang='grc' dir='ltr'><strong><em>τε</em></strong></span> <span class='ocrx_word' id='word_1_294' title='bbox 289 3469 344 3522; x_wconf 70' lang='lat' dir='ltr'><strong><em>AF.</em></strong></span> <span class='ocrx_word' id='word_1_295' title='bbox 364 3499 397 3508; x_wconf 90' lang='lat'><strong><em>-—</em></strong></span> <span class='ocrx_word' id='word_1_296' title='bbox 417 3475 451 3522; x_wconf 76' lang='lat'><strong><em>24</em></strong></span> <span class='ocrx_word' id='word_1_297' title='bbox 470 3469 570 3523; x_wconf 83' lang='grc' dir='ltr'><strong><em>τοῦτον</em></strong></span> <span class='ocrx_word' id='word_1_298' title='bbox 588 3468 637 3523; x_wconf 84' lang='lat' dir='ltr'><strong><em>BF</em></strong></span> <span class='ocrx_word' id='word_1_299' title='bbox 648 3469 753 3525; x_wconf 76' lang='lat' dir='ltr'><strong>Theod.</strong></span> 
     </span>
    </p>
   </div>
   <div class='ocr_carea' id='block_1_5' title="bbox 201 3629 444 3701">
    <p class='ocr_par' dir='ltr' id='par_1_6' title="bbox 201 3629 444 3701">
     <span class='ocr_line' id='line_1_34' title="bbox 201 3629 444 3701; baseline 0.004 -20"><span class='ocrx_word' id='word_1_300' title='bbox 201 3633 215 3681; x_wconf 80' lang='lat'>7</span> <span class='ocrx_word' id='word_1_301' title='bbox 236 3629 397 3701; x_wconf 84' lang='grc' dir='ltr'><strong><em>γριστιανδν</em></strong></span> <span class='ocrx_word' id='word_1_302' title='bbox 415 3630 444 3683; x_wconf 91' lang='lat' dir='ltr'><strong><em>P.</em></strong></span> 
     </span>
    </p>
   </div>
   <div class='ocr_carea' id='block_1_6' title="bbox 0 0 1334 3909">
    <p class='ocr_par' dir='ltr' id='par_1_7' title="bbox 0 0 1334 3909">
     <span class='ocr_line' id='line_1_35' title="bbox 0 0 1334 3909; baseline 0 0"><span class='ocrx_word' id='word_1_303' title='bbox 0 0 1334 3909; x_wconf 95' lang='lat' dir='ltr'><strong><em> </em></strong></span> 
     </span>
    </p>
   </div>
  </div>
 </body>
</html>
