2617 3909
186 199 256 265 704¹
498 200 685 252 νευεειου
703 201 886 252 Μοαιεου

185 356 238 409 τοῦ
266 352 342 410 θεοῦ
369 344 420 408 καί
446 356 506 411 τῶν
531 344 704 428 ἀνθρώπων
731 343 881 422 ἄσπονδος
908 347 1019 429 ἐχθρὸς,
1043 348 1076 410 ἐκ
1102 367 1210 412 σκαιο-

185 442 271 527 τίρου
302 443 352 505 καί
385 444 554 506 λαοπλάνου
585 444 727 524 δαίμονος
757 443 954 525 δνηχούμενος
983 444 1033 506 καὶ
1064 445 1209 528 ἐνεργοί·

188 565 276 620 μενος
298 540 349 603 καὶ
369 540 471 622 μέντοι
492 541 523 614 ἐξ
545 539 710 605 ἀκολάστου
732 542 866 622 γλώσσης
887 541 938 604 καί
960 544 1082 625 γνώμης
1105 543 1209 627 ἀγνάε

186 663 278 718 μονος
300 638 506 720 φθεγγόμενος
530 639 640 713 παντὸς
663 637 783 720 ἀγαθοῦ
811 639 860 700 καὶ
887 649 1024 722 πονηροῦ
1051 641 1104 703 τόν
1127 645 1208 707 θεὸν

158 737 291 799 ταῖτιον
308 742 461 818 τολμηρῶς
483 737 677 818 τερατεύεται,
704 735 754 797 καὶ
781 747 842 799 πᾶν
869 738 941 819 ὅπερ
968 737 1007 800 ἀν
1029 738 1143 824 ἕπίλθη
1169 749 1211 825 τῷ

184 833 349 919 ἀνθρόπφ,
366 831 424 895 κάν
442 855 471 895 τε
484 833 521 908 ,ἐξ
537 833 676 917 ἐπηρείας
694 843 747 896 τοῦ
763 845 900 917 πονηροῦ
918 835 975 898 κάν
993 860 1024 899 τε
1041 837 1072 913 ἐξ
1091 839 1205 912 οἰκείας

184 931 337 1015 ῥᾳθυμίας
363 931 414 992 καλ
440 930 639 1012 ἀδιακρισίας,
667 940 720 1011 τῆς
741 933 828 1005 θείας
854 942 941 995 τοῦτο
964 937 1109 1014 προνοίας
1132 960 1204 1018 τυγ-

183 1029 284 1108 χάνειν
316 1027 332 1090 6
360 1027 510 1110 ἀλιτήριος
539 1027 745 1107 ἀποφαίνεται.
795 1027 845 1089 καί
877 1028 893 1091 6
921 1029 975 1108 μὲν
1002 1039 1207 1114 ,περιφρονεῖν

184 1125 314 1191 πλοότου
341 1125 392 1191 καλ
418 1131 664 1207 ταπεινοφρονεῖν
694 1123 744 1186 καί
770 1126 822 1189 τὸν
848 1126 995 1205 ἀνήδονον
1026 1130 1096 1209 βίον
1127 1129 1204 1192 ἀπο-

145 1246 171 1286 ιο
185 1225 317 1286 σείεσθαι
343 1222 393 1286 καί
420 1225 462 1304 μὴ
489 1223 712 1286 ἀνταποδοῦναι
738 1225 832 1286 κακὸν
858 1223 924 1286 ἀντί
951 1235 1046 1288 κακοῦ
1071 1249 1203 1308 παρακε·

85 1336 124 1376 ⁵96
138 1335 169 1374 Μ.
183 1321 306 1401 λεόεται,
328 1319 344 1382 6
363 1318 395 1382 δὲ
413 1327 552 1384 πλουτεῖν
573 1319 624 1382 καὶ
642 1319 869 1402 ὑψηλοφρονεῖν
892 1321 942 1383 καλ
959 1332 1060 1404 πᾶσαν
1083 1321 1205 1405 ἡδονὴν

183 1416 215 1479 ἐκ
246 1419 416 1500 περιουσίας
448 1417 632 1493 ἀσπάζεσθαι
668 1416 718 1480 καὶ
753 1417 952 1494 ἀντεπεξιέναι
988 1419 1108 1503 σφόδρα
1139 1429 1205 1496 τοῖς

183 1514 408 1578 ἀναπίπτουσιν
440 1514 481 1590 ὡς
512 1515 643 1596 ψυχικόν
676 1517 821 1598 σωτήρων
852 1517 902 1579 καὶ
934 1525 987 1578 τοῦ
1017 1521 1203 1601 παραδείσου

183 1613 334 1692 πρόξενον.
975 1665 976 1668 ,

144 1733 169 1774 ιι
247 1701 323 1770 Ἀλλ’
344 1706 368 1770 ίδ
391 1718 444 1788 τῆς
466 1707 612 1784 ἀπονοίας
637 1709 688 1772 καὶ
710 1712 916 1792 παραπληξίας
943 1711 993 1774 καί
1015 1714 1122 1794 χλεύης
1147 1723 1203 1775 τοῦ

182 1806 289 1886 γόητος
311 1805 361 1868 καλ
378 1808 566 1886 παλαμναίου
588 1806 639 1869 καί
656 1819 710 1888 τῆς
728 1811 964 1892 παραφροσύνης
984 1809 1034 1872 καλ
1052 1809 1203 1886 ἀπωλείας

182 1913 242 1964 τῶν
260 1900 331 1985 παρ’
353 1895 445 1966 αὐτοῦ
465 1906 569 1979 δεινῶς
586 1905 920 1988 ἕξανδραποδισθίντων
940 1906 990 1968 καὶ
1008 1906 1092 1991 μέχρι
1110 1910 1202 1990 δεῦρο

182 2001 436 2084 παρασυρσμένυν
458 2002 509 2064 καί
531 2001 740 2084 ἀπατομίνων.
787 2001 857 2065 οὐδὲ
879 2003 934 2086 γδιρ
958 2015 1097 2068 συνιοῦσι
1120 2007 1200 2084 πάμ-

182 2121 245 2171 πανΙ
269 2099 301 2160 οἱ
325 2098 402 2181 ἀγριν
429 2099 578 2182 μοχθηροί
605 2100 655 2162 καὶ
683 2102 844 2182 θηριώδεις
874 2101 924 2163 καί
951 2103 1019 2164 λίαν
1051 2102 1201 2184 ἀσύνετοι,

141 2196 224 2269 ιοείς
247 2190 312 2258 οἷον
335 2197 461 2278 χαλεπὸν
483 2197 534 2259 καί
554 2198 681 2280 ζοφερὸν
703 2198 774 2278 χάος
796 2196 845 2260 καί
868 2199 1030 2280 σατανικὴν
1052 2200 1202 2282 χάρυβδιν

181 2296 459 2374 κατηκοντίσθησαν
489 2294 540 2357 καί
570 2293 667 2358 τέλεον
703 2295 928 2377 κατεπόθησαν,
959 2295 1010 2358 καί
1041 2298 1084 2371 εἰς
1115 2299 1201 2372 οἴους

180 2389 334 2469 άφόιιτους
367 2391 419 2453 καλ
451 2391 675 2467 ἀδιεξοδεότους
707 2394 911 2475 λαβυρίνθους
947 2394 998 2456 καί
1029 2397 1201 2476 δυσβάτους

252 2603 268 2650 3
288 2597 316 2663 ἐξ
330 2597 377 2651 ΑΡ
395 2598 444 2651 καλ
463 2597 492 2662 ἐξ
505 2597 566 2653 rell.
581 2631 616 2639 —
630 2604 646 2652 5
661 2598 772 2670 ἀπέλθῃ
788 2599 816 2654 G.
834 2599 975 2670 ἐπανίίθη
991 2601 1020 2654 P.
1037 2634 1071 2642 —
1093 2609 1108 2657 ⁷
1127 2623 1200 2672 πρυ·

180 2665 261 2730 τοίας
273 2687 325 2736 τυγ
342 2668 423 2725 άνειν
437 2668 598 2723 OEGLNP
611 2669 761 2742 τυγχάνειν
776 2669 1032 2740 προνοίαςΑΒΙΝ.
1049 2705 1083 2714 ——
1098 2680 1114 2729 8
1130 2676 1201 2744 ἀλη·

179 2737 305 2809 τήριοςθ
337 2737 514 2795 θΙιΜΡτίΙ)
524 2741 564 2796 lit.
574 2757 642 2797 συντ.
654 2773 688 2782 -
702 2740 916 2812 ἀποφθέγγεται
925 2743 982 2802 ΑΒ.
992 2775 1028 2784 -
1043 2750 1058 2801 ,9
1073 2748 1201 2800 πλοῦτον

180 2809 300 2869 GMPV.
322 2843 355 2852 -—
381 2816 415 2864 18
430 2808 560 2866 ’συνίουσι
572 2811 601 2865 -Β
624 2821 741 2868 συνιῶσι
758 2814 791 2867 A.
816 2845 849 2854 —-
873 2819 908 2888 θλ)
927 2814 1073 2886 χάρυβδην
1092 2815 1199 2872 AGGP

179 2883 324 2954 χαρόβδην
334 2881 388 2936 DL
399 2880 541 2953 χαρίβδηυ
551 2883 589 2936 Μ.
599 2913 635 2922 -
644 2888 677 2938 21
692 2883 798 2939 τέλειον
812 2884 870 2941 ΕΙι.
882 2915 915 2944 -,-
930 2891 964 2939 22
980 2883 1120 2956 ἀφίκτους
1129 2887 1199 2942 ΒΜ.

251 3066 473 3140 λένηχούμενός
495 3088 524 3123 τε
546 3069 596 3123 καλ
614 3069 644 3123 Ρ.
664 3102 698 3110 -
722 3076 738 3125 8
757 3071 905 3140 άλητήριος
926 3065 976 3126 iaz
1000 3072 1202 3139 σκοτεινόνους

180 3137 380 3207 ἀποφαίνεται,
399 3140 557 3207 κάντεῦθεν
575 3143 647 3208 ζωῆς
660 3137 743 3208 ὅρους
756 3141 953 3210 άκραδάυτους
966 3144 1014 3196 ιιαλ
1025 3143 1199 3213 ,άμεταιιινήο

179 3227 246 3272 τους
263 3209 381 3266 ἑκάστου
394 3211 553 3279 ἀνθρώπου
571 3211 620 3266 καί
633 3210 756 3280 τρόπους
767 3212 898 3268 θανάτου
913 3213 1031 3283 φάσκων
1050 3212 1096 3269 ἐπ’
1113 3216 1202 3270 ἀναι-

176 3278 321 3346 ρέσειτοθ
338 3278 521 3346 αάτεξουσίου
539 3285 662 3356 τολμηρᾷ
679 3292 758 3355 φυγῇ
778 3285 827 3338 καί
843 3283 979 3356 θεομάχφ
990 3285 1097 3358 γλώσσῃ
1111 3294 1201 3342 τουτο

178 3351 391 3420 διαβεβαιοῦται
405 3352 537 3419 καθάπερ
551 3354 601 3409 ιιαλ
613 3352 645 3407 ἐν
658 3362 721 3417 ταῖς
734 3358 847 3418 λοιπαῖς
859 3355 946 3422 αὐτοῦ
961 3353 1152 3428 βλασφημίαις
1163 3355 1197 3412 Ρ.

179 3449 215 3459 -
233 3423 268 3472 14
281 3419 351 3474 Alia
369 3423 503 3488 quaedam
521 3424 585 3478 add.
600 3423 630 3477 P.
644 3454 682 3464 -
700 3430 734 3478 16
753 3423 852 3494 γόητός
869 3445 898 3492 τε
917 3426 966 3481 καί
977 3425 1009 3480 P.
1025 3457 1057 3466 -
1079 3432 1113 3481 18
1127 3429 1200 3492 Post

179 3488 370 3611 άπὶιτυμίτυν
389 3487 448 3610 εχξισ
465 3493 517 3546 ἀει.
532 3491 562 3545 Ρ.
578 3525 611 3558 ··.
631 3499 667 3547 20
685 3495 803 3562 ζοφερόν
822 3494 943 3566 είλιγγόν
961 3516 990 3552 τε
1008 3497 1057 3550 καὶ
1076 3497 1200 3566 εόριτιον

179 3577 216 3610 κα
245 3575 304 3612 σατ.
321 3579 383 3628 γαρ.
422 3601 428 3611 .
845 3590 847 3594 v
