2617 3909
188 244 254 309 428
499 245 687 299 ΓΕΩΡΓΙΟΤ
703 246 888 298 nomon

188 394 302 468 εἰδότας
324 395 401 456 ὅπου
424 400 628 475 πορευθῶσιν,
656 394 709 457 τὸν
731 394 760 468 ἐξ
783 393 915 477 ούρανοῦ
938 394 1205 474 μαννοδοτήσαντα

188 492 291 565 αὐτοῖς
317 492 367 553 καί
393 492 426 554 ἐκ
449 493 603 572 θαλάσσης
629 493 864 574 κρεοδοτήσαυτα
885 490 1123 574 όρτυγομήτραν,
1150 493 1205 555 τὸν

188 590 221 652 ἐν
243 596 282 675 τῷ
302 589 363 672 όρει
383 591 626 669 νομοθετήσαντα
644 591 757 671 αὐτοῖς,
780 584 817 652 ού
835 600 889 670 τῆς
906 593 992 664 θείας
1008 589 1059 651 καί
1078 592 1204 672 βροντο-

188 688 285 770 φόρου
322 698 427 767 φωνῆς
463 687 639 768 ἠξιώθησαν
675 688 813 751 ἀκούσω·
850 698 956 751 τούτου
989 688 1205 769 ἀπηρνήσαντο

70 806 146 846 ann.
163 807 175 849 5
189 787 319 859 εἰπόντες
342 794 381 870 τῷ
393 782 520 867 Ἀαρών·
544 788 672 865 ποίησον
689 785 762 866 ἡμῖν
781 788 883 866 θεούς,
901 789 932 848 οἳ
947 788 1204 867 προπορεύσονται

188 882 288 964 ήμῶν,
311 883 361 946 καί
384 884 620 965 ἐμοσχοποίησαν
642 886 788 965 χωνευτὸν
810 884 861 946 καὶ
883 886 998 947 ἔθυσαν
1020 892 1060 969 τῷ
1079 885 1203 969 είδύίιμ.

188 982 352 1045 κάντεῦθεν
374 975 431 1044 ούν
454 979 603 1063 ὀργισθείς
626 981 643 1044 δ
667 984 862 1064 μακρόθνμος
883 984 987 1065 κύριος
1004 983 1053 1043 ἀτε
1071 982 1111 1061 δή
1129 980 1202 1062 ἀχα-

189 1080 339 1162 ριστηθείς
361 1074 414 1141 ὑπ’
435 1080 534 1142 αὐτῶν
556 1080 661 1159 ἔδησεν
683 1081 792 1155 αύτούς
810 1080 927 1160 δεσμοῖς
945 1079 1073 1161 ἀλύτοις,
1095 1081 1201 1159 στιβά-

189 1197 233 1241 σει
256 1188 420 1260 φορτισμού
442 1178 492 1241 καί
515 1180 689 1261 σκληρότητι
711 1184 823 1259 κίοιού,
845 1178 896 1240 καί
914 1178 1011 1241 ούκέτι
1029 1173 1124 1240 εἶπεν·
1148 1178 1203 1239 ἐὰν

149 1302 175 1341 ιο
190 1275 221 1339 δὲ
239 1277 377 1361 ποιήσης,
400 1276 440 1350 ὡς
463 1276 520 1358 πρὸ
539 1286 592 1356 τῆς
610 1280 802 1358 μοσχοποιΐας
818 1278 946 1358 εἴρηκεν,
968 1275 1053 1337 ἀλλά·
1071 1277 1203 1355 ποίησον

187 1376 403 1458 θυσιαστήριον
430 1374 479 1436 καί
507 1381 565 1437 θύε
593 1376 745 1454 διηνεκῶς.
790 1374 960 1454 ἐπιλήσμων
982 1374 1037 1456 γὰρ
1059 1373 1210 1457 ὑπάρχεις-

187 1473 237 1535 καί
264 1472 431 1555 ἀχάριστος,
459 1474 509 1535 ἵνα
536 1483 665 1554 συνεχῶς
692 1472 905 1557 ὑπομιμνήσκῃ
933 1496 1000 1552 μου.
1050 1472 1113 1534 ἐπεί
1144 1465 1202 1533 ούν

187 1580 222 1655 τῇ
251 1570 369 1654 ἐξουσίᾳ
396 1580 493 1644 κακῶς
520 1569 722 1651 ἀπεχρήσαντο
748 1573 781 1633 οί
803 1572 924 1644 τάλανες
945 1570 996 1632 καί
1017 1569 1201 1652 ἀγνώμονες,

187 1668 322 1750 ἀνάγκην
353 1667 481 1747 ἐπέθηκε
513 1669 618 1730 λοιπὸν
648 1670 738 1731 θύειν
768 1668 818 1732 καὶ
848 1670 1011 1751 βρωμάτων
1037 1668 1205 1749 ἀπέχεσθαί

148 1789 173 1829 ισ
188 1790 287 1846 τινων,
310 1765 360 1828 καί
383 1767 465 1840 ζώων
489 1767 635 1847 διαφορὰς
652 1774 796 1849 καθαρῶν
815 1767 866 1829 καὶ
883 1766 1061 1847 ἀκαθάρτων
1080 1766 1200 1829 διέστει-

187 1871 250 1944 λεν,
278 1865 373 1926 καίτοι
400 1866 510 1937 παντὸς
533 1865 609 1939 ζώου
632 1872 769 1946 καθαροῦ
791 1866 988 1947 τυγχάνοντος
1010 1859 1199 1947 (πάνταγὰρ

188 1963 242 2024 ὅσα
269 1962 407 2041 ἐποίησεν
435 1960 451 2023 δ
478 1962 549 2036 θεὸς
576 1962 650 2024 καλά
677 1960 774 2043 λίαν),
800 1962 850 2024 καί
878 1963 916 2042 δή
939 1961 989 2023 καί
1011 1960 1200 2044 ἀφορισμοάς

186 2060 342 2143 προσέταξε
374 2059 424 2121 καὶ
453 2062 629 2143 καθαρμοὺς
655 2060 706 2122 καὶ
733 2061 918 2142 βαπτισμούς
943 2060 994 2121 καὶ
1020 2062 1200 2142 ραντισμούς

186 2159 235 2220 καὶ
258 2156 375 2240 ἁγνείας
397 2158 447 2220 καί
470 2157 573 2241 ἀργίας
596 2159 776 2240 διαφόρους,
804 2152 847 2220 ὧν
868 2159 1087 2239 παρακούοντες
1109 2182 1200 2239 τιμω-

147 2280 173 2319 εο
186 2258 254 2338 ρίαν
277 2255 412 2337 ὡρίσατο,
436 2258 485 2319 ἴνα
507 2258 673 2337 πιεζόμενοι
694 2255 745 2318 καί
768 2256 827 2319 ύπὸ
849 2266 903 2318 τού
920 2261 1023 2318 κίοιού
1041 2255 1201 2337 ἀγχόμενοι

186 2364 238 2433 τής
256 2353 408 2415 ποίνθίου
427 2356 541 2434 πλάνης
559 2356 763 2434 ἐκστήσωνται.
800 2353 914 2415 ούκούν
932 2353 982 2414 διδι
999 2355 1054 2433 τήν
1072 2359 1199 2436 σκληρο-

186 2454 311 2534 καρδίαν
339 2453 437 2515 αὐτῶν
464 2452 605 2532 ἐπέδησεν
632 2453 756 2532 αύτούς,
787 2452 866 2525 ὅπως
890 2451 940 2513 διά
962 2460 1015 2513 τού
1037 2452 1126 2513 θύειν
1148 2452 1199 2515 καὶ

186 2548 286 2631 ἀργεῖν
309 2548 358 2611 καί
381 2548 552 2630 ἁγνίζεσθαι
580 2550 629 2612 καὶ
651 2550 688 2611 τά
710 2551 807 2611 τοιάδε
830 2554 1064 2631 παρατηρεῖσθαι
1085 2550 1128 2623 εἰς
1150 2551 1198 2612 ἕν-

258 2745 275 2792 4
292 2738 379 2793 Exod.
395 2744 437 2805 32,
454 2745 476 2792 1.

257 2905 272 2953 2
293 2900 389 2963 αὐτοῖς
406 2898 457 2952 ΒΡ
467 2897 559 2953 Οοωεό.
583 2899 687 2960 αὐτούς
703 2898 764 2953 relL
789 2928 821 2937 -
845 2899 894 2952 καί
915 2898 946 2953 ἐκ
964 2901 1030 2953 θαί.
1048 2899 1198 2967 κρεοδοτή-

186 2988 274 3025 σαντα
288 2987 338 3025 om.
350 2970 379 3023 F.
391 3002 424 3010 -
440 2970 669 3039 κρεωδοτήσαντα
683 2968 768 3023 BEV.
779 3001 813 3009 -
829 2976 845 3023 3
858 2973 896 3041 τῷ
910 2986 960 3024 om.
971 2968 1029 3023 AV.
1046 3001 1079 3010 -
1094 2970 1198 3033 αύτούς
1289 2991 1290 3036 1

184 3041 293 3113 ABQF.
314 3073 347 3082 -
372 3046 388 3094 8
407 3042 503 3103 αὐτοῖς
520 3042 543 3094 Β
562 3050 587 3097 et
604 3058 674 3096 rece.
694 3041 830 3095 nonnulli.
854 3073 887 3081 -
911 3042 1044 3113 στηβάσει
1062 3040 1197 3095 BCDEP

186 3115 304 3185 στηβῶσι
318 3113 339 3165 F
355 3130 396 3167 στι
416 3122 465 3167 ῶσι
478 3111 533 3168 MV
542 3130 612 3167 rece.
623 3113 740 3181 quidam
758 3111 875 3183 στυβάσι
887 3128 957 3167 rece.
972 3112 1030 3165 alii.
1043 3143 1078 3153 -
1093 3118 1125 3166 11
1141 3113 1197 3167 θύε
1289 3111 1290 3128 ’

186 3185 265 3238 codd.
277 3191 387 3254 praeter
429 3183 457 3238 0:
468 3216 501 3224 -
518 3190 550 3239 18
564 3184 761 3256 ἀναμιμνήσκῃ
775 3200 844 3238 rece.
857 3183 985 3253 plerique
1004 3184 1159 3256 ἐπιμνήσκη
1174 3184 1197 3237 Β

185 3254 362 3324 ἐπτμνήσκεις
380 3256 416 3308 Μ.
437 3287 470 3296 -
496 3262 529 3309 14
548 3256 658 3326 ἀνάγκη
676 3254 726 3308 ΒΡ
749 3262 774 3310 εί
793 3271 863 3309 reon.
883 3255 1008 3324 quidam.
1029 3286 1064 3294 -
1089 3260 1122 3308 18
1145 3276 1196 3309 κα-

183 3328 343 3395 θαρισμοδς
357 3326 403 3380 OF
414 3324 506 3381 Gonst.
522 3359 555 3367 —
570 3327 618 3381 καί
633 3322 709 3396 δαντ.
724 3327 773 3380 καί
786 3330 910 3395 καθαρμ.
925 3327 974 3380 καὶ
988 3326 1161 3417 βαπτισμοὺς
1173 3326 1196 3379 Β

185 3397 419 3521 καίχίαπτισμοδς
432 3414 482 3453 om.
500 3398 532 3452 R.
548 3430 581 3438 —
597 3403 629 3451 19
645 3394 760 3467 ἀρχείοις
772 3397 901 3452 ABFLP.
917 3430 950 3437 -
968 3402 1001 3450 21
1017 3396 1197 3465 ἐκστήσονται

184 3466 231 3522 AC
258 3468 285 3520 N
303 3476 328 3524 et
345 3485 415 3523 rece.
430 3469 565 3537 plen'que.

257 3634 288 3681 11
308 3628 435 3700 ύπάρχης
453 3628 482 3683 P.
572 3602 575 3607 Ι
