2617 3909
172 248 238 313 402
488 247 675 299 Γυυευῑου
692 247 876 299 Momm?

173 394 276 476 μηδείς
302 405 362 457 τῶν
381 390 534 457 Ἰουδαίων
557 393 719 479 ἀπιστήση,
747 393 803 456 ούκ
826 391 995 472 ἀλλόφυλόν
1017 417 1098 474 τινα,
1121 390 1188 455 ἀλλ’

174 493 328 573 ὁμόφυλον
350 493 400 555 καί
423 490 583 572 δμόπιστον
605 490 654 553 καὶ
678 492 809 572 ζηλωτήν
833 493 1048 572 παρεσκεύασεν
1071 490 1090 572 ἡ
1114 491 1189 571 ἀλή-

174 597 243 653 θεια
266 591 302 653 τὰ
325 591 433 653 ἐλεεινὰ
456 591 552 653 ἐκεῖνα
574 590 624 652 καλ
647 590 831 671 δυσεξήγητα
852 589 1072 674 ἐκτραγῳδήσαι
1090 590 1189 669 πάθη.

174 690 315 769 τοιαύτην
337 688 392 771 γὰρ
413 689 560 768 θεήλατον
578 675 746 766 ὑπέστησαν
764 687 885 766 ύλασιν,
903 688 970 748 οἵαν
989 686 1059 750 ούδέ
1078 686 1094 749 6
1113 687 1190 767 σύμ-

148 808 233 860 σπας
260 780 321 848 οίδε
348 786 467 866 χρόνος,
494 781 550 864 ἀφ’
574 778 610 846 ού
637 784 759 866 γέγονεν
785 784 834 847 ἐπί
860 794 913 865 τῆς
939 795 996 866 γῆς
1017 784 1189 867 ἅνθρωπος.

174 882 224 945 καὶ
251 883 382 956 εἰκότως·
413 883 468 957 ἕως
491 880 544 963 μέν
566 882 622 965 γὰρ
645 882 688 955 είς
709 882 779 956 τούς
802 881 986 962 ὁμοδούλους
1008 881 1189 965 ἡμάρτανον,

175 982 351 1062 συγγνώμης
378 980 551 1063 ἐτύγχανον,
583 978 674 1059 ἡνίκα
706 978 738 1042 δὲ
765 980 807 1053 είς
833 981 885 1043 τὸν
911 980 1015 1043 κοινὸν
1043 983 1190 1061 δεσπότην

175 1078 352 1160 ἐξήμαρτον,
381 1077 592 1161 ἀσυγγνώστως
620 1077 834 1157 ἐκολάσθησαν.
885 1079 931 1140 ὅτι
958 1076 990 1141 δὲ
1017 1076 1034 1140 6
1062 1080 1190 1162 Χριστὸς

176 1175 278 1250 αύτοῖς
299 1178 441 1257 πεποίηκε
463 1186 563 1257 ταῦτα,
586 1174 716 1238 άκουσον
739 1174 832 1238 αύτού
850 1176 940 1237 πάλιν
958 1176 1008 1238 καὶ
1027 1176 1077 1238 διδι
1095 1199 1189 1258 παρα-

137 1297 164 1338 1⁰
177 1276 274 1354 βολῶν
302 1274 480 1352 φάσκοντος·
509 1274 578 1349 τούς
606 1272 638 1335 δὲ
666 1274 706 1353 μὴ
735 1273 940 1355 βουληθέντας
962 1297 997 1354 με
1020 1277 1190 1355 βασιλεῦσαι

177 1365 223 1433 ἐπ’
249 1370 359 1445 αύτούς
386 1372 505 1455 ἀγάγετε
533 1364 589 1433 ὧδε
617 1370 667 1432 καί
699 1373 909 1450 κατασφάξατε.
960 1371 1007 1434 διδ
1039 1371 1089 1433 καί
1116 1370 1190 1454 πρὸς

177 1468 286 1542 αὐτούς
315 1470 422 1551 ἔλεγεν
450 1469 613 1551 ἀρθήσεται
640 1462 695 1547 ἀφ’
717 1468 802 1549 ἡμῶν
824 1466 843 1548 ή
867 1471 1000 1549 βασιλεία
1021 1470 1071 1532 καί
1094 1470 1189 1550 δοθή-

178 1584 257 1629 σεται
282 1566 366 1628 ἕθνει
393 1577 530 1629 ποιοῦντι
556 1566 626 1639 τούς
653 1566 787 1648 καρπούς
813 1566 913 1646 αύτής.
958 1567 1009 1629 καλ
1035 1569 1109 1649 πρὸς
1136 1566 1190 1648 μέν

178 1664 233 1743 τήν
251 1658 441 1746 Ἰερουσαλήμ
465 1681 571 1745 φησιν·
595 1664 719 1744 ήξουσιν
742 1663 793 1725 ἐπί
808 1682 841 1725 σε
862 1662 978 1747 ἡμέραι,
1001 1665 1051 1727 καί
1067 1668 1190 1749 περιβα-

139 1785 164 1826 εσ
178 1762 265 1823 λοῦσί
285 1779 332 1823 σοι
355 1763 387 1824 οί
407 1762 511 1845 ἐχθροί
531 1780 586 1824 σου
609 1762 723 1842 χάρακα
745 1761 795 1822 καὶ
816 1764 1071 1844 περικυκλώσουσί
1086 1782 1118 1826 σε
1140 1762 1191 1825 καί

179 1857 338 1933 συνέξουσί
358 1878 388 1921 σε
411 1860 562 1923 πάντοθεν
584 1858 634 1921 καὶ
657 1858 815 1937 ἐδαφιούσι
836 1860 872 1921 τὰ
893 1860 981 1923 τέκνα
1003 1880 1059 1923 σου
1079 1861 1112 1923 έν
1135 1879 1190 1924 σοι.

179 1956 253 2038 πρὸς
273 1956 304 2019 δὲ
323 1958 391 2032 τοὺς
410 1956 545 2032 ἀπειθεῖς
560 1954 724 2032 Ἰουδαίους
742 1957 843 2038 ἐπάγει
861 1957 964 2040 λέγων·
987 1960 1054 2022 ίδού
1072 1958 1191 2039 ἀφίεται

181 2053 196 2117 6
220 2049 301 2128 οίιιος
323 2054 408 2135 ὑμῶν
430 2056 547 2138 ἕρημος.
593 2056 664 2137 ὅπερ
687 2049 744 2118 ούν
766 2053 816 2117 καί
840 2054 855 2118 6
879 2063 963 2130 θεῖος
979 2057 1096 2137 Δανιὴλ
1117 2080 1191 2140 προ-

181 2154 279 2232 δηλῶν
301 2153 372 2233 ἔφη·
401 2153 451 2215 καί
473 2154 528 2234 τὴν
549 2153 636 2215 πόλιν
660 2153 709 2215 καί
732 2153 764 2216 τδ
787 2154 874 2235 άγιον
897 2155 1059 2237 διαφθερεῖ
1076 2154 1133 2217 σύν
1155 2163 1195 2241 τῷ

141 2275 167 2314 εο
180 2247 336 2337 ἡγουμένῳ
359 2258 398 2337 τῷ
415 2250 570 2338 ἐρχομένῳ,
593 2246 672 2313 τοῦτ’
692 2251 772 2313 ἐστιν
790 2249 806 2313 6
824 2252 896 2326 θεὸς
913 2252 964 2314 καί
980 2253 1076 2335 πατὴρ
1094 2254 1192 2315 πάντα

180 2358 240 2410 τῶν
259 2344 412 2411 Ἰουδαίων
434 2348 470 2409 τδι
487 2349 580 2428 σεμνὰ
599 2350 649 2411 καὶ
667 2352 842 2431 περίβλεπτα
859 2348 1029 2432 ἀνατρέψει,
1051 2349 1124 2412 ἀλλδι
1141 2350 1192 2413 καλ

181 2443 198 2507 6
220 2446 286 2519 υίὸς
313 2446 363 2507 καὶ
385 2446 511 2527 Χριστὸς
534 2446 550 2509 6
573 2441 642 2528 παρ’
664 2449 762 2510 αὐτῶν
785 2446 825 2522 ὡς
850 2448 999 2530 λυτροατὴς
1020 2450 1192 2529 προσδοκώ-

181 2566 269 2623 μενος
299 2543 350 2605 καί
379 2544 484 2625 σωτήρ.
529 2544 566 2606 ού
593 2544 647 2627 γὰρ
676 2539 768 2607 εἶπεν·
797 2546 1035 2627 διαφθαρήσεται
1060 2544 1080 2625 ἡ
1108 2548 1193 2621 πόλις
1302 2529 1303 2568 6

181 2640 231 2702 καί
254 2640 270 2703 6
293 2641 365 2715 ναὸς
388 2641 444 2703 σύν
466 2648 505 2725 τῷ
524 2639 691 2727 ἡγουμένῳ,
713 2641 816 2717 καθὼς
838 2641 952 2725 ἀλόγως
974 2644 1090 2705 οἰίινταί
1105 2668 1193 2725 τινες,
1302 2665 1303 2690 ί

252 2808 339 2857 8-11
355 2802 450 2873 Chrys.
462 2804 502 2858 λλ.
517 2804 613 2874 Migne
628 2809 688 2859 634.
703 2837 736 2845 —
753 2811 786 2859 10
801 2805 866 2859 Luc.
883 2811 924 2873 19,
935 2811 977 2861 27,
992 2838 1026 2847 -
1043 2812 1075 2861 12
1089 2806 1192 2863 Matth.

182 2881 225 2988 θλ,
237 2881 390 3000 γεὲἯ-ΜἚ
408 2876 473 3001 {lam
491 2880 532 2942 19,
547 2881 594 2942 43ς
609 2882 652 2930 44.
672 2909 705 2917 -
731 2883 762 2930 17
783 2877 883 2931 Matth.
899 2884 942 2945 23,
957 2883 990 2932 38
1010 2879 1075 2932 Luc.
1092 2885 1133 2945 13,
1150 2885 1192 2933 35.

353 2989 358 3000 .
392 2990 399 3015 ‚
451 2990 456 3000 .

185 3088 187 3097 ’
254 3077 269 3125 ό
284 3069 384 3142 χρόνος
398 3065 457 3126 οίδε
472 3070 526 3125 OF.
540 3104 574 3112 —
588 3071 741 3140 ἄνθρωπος
755 3072 801 3128 ἐπί
815 3080 864 3141 τῆς
878 3081 928 3144 γῆς
941 3073 975 3127 N.
987 3104 1020 3113 -
1035 3080 1051 3129 8
1066 3073 1081 3128 6
1096 3090 1146 3129 om.
1158 3074 1192 3129 N.

183 3175 217 3184 -
237 3148 252 3196 9
271 3139 423 3211 πεποίηκεν
438 3143 533 3206 αὐτοῖς
547 3152 634 3197 ταῦτα
649 3143 749 3198 OFRV
772 3176 806 3183 -
820 3145 869 3197 καὶ
882 3161 932 3199 om.
947 3144 1007 3198 AN.
1022 3177 1056 3185 —
1074 3150 1107 3199 16
1127 3162 1194 3200 συν-

183 3214 281 3279 άξουσι
299 3212 386 3267 BOR.
407 3244 440 3255 -
459 3219 493 3268 20
512 3214 605 3269 πάντα
622 3224 679 3269 τῶν
709 3214 822 3269 πάντων
836 3215 889 3268 BR
906 3215 1002 3270 πάντα
1019 3215 1054 3270 τὰ
1072 3225 1127 3271 τῶν
1141 3217 1194 3271 LM

147 3284 149 3293 ’
183 3286 281 3356 (Lom.
301 3284 336 3339 τὰ
359 3292 422 3341 ante
441 3285 544 3354 σεμνὰ).
564 3318 599 3326 -
620 3292 653 3339 22
674 3216 690 3340 6
708 3285 770 3349 υίὸς
788 3285 803 3340 6
821 3286 930 3358 χριστὸς
948 3287 973 3339 A
996 3286 1011 3341 6
1030 3286 1092 3349 υίὸς
1110 3287 1125 3342 6
1144 3290 1194 3343 καί

183 3357 292 3429 χριστὸς
306 3356 393 3425 FLM,
411 3358 458 3412 εειί
475 3358 507 3410 ιίι
521 3357 542 3409 L
564 3356 578 3411 6
594 3364 691 3425 γοεσιιι
708 3358 758 3411 del.
773 3373 841 3413 ποετ.
857 3376 896 3412 an
909 3375 943 3411 m.
959 3364 983 3411 1.
1004 3391 1037 3399 —
1057 3364 1091 3412 λλ
1109 3358 1193 3429 ἡγου-

158 3476 160 3481 ,
183 3425 255 3500 μένῳ
273 3432 312 3501 τῷ
327 3426 464 3500 ἐρχομένῳ
482 3427 539 3480 BL.

256 3550 352 3676 11Ρέπ’
370 3553 466 3615 αύτοῐς
484 3552 513 3604 Ρ.
537 3583 570 3591 -
595 3557 628 3604 22
648 3552 686 3614 ὡς
703 3552 840 3621 λυτραπὴς
858 3552 906 3605 καί
925 3552 1013 3621 σωτὴρ
1032 3554 1193 3620 προσδοκώ-

184 3641 266 3690 μενος
308 3667 312 3676 .
