2617 3909
522 251 712 301 XPONIKON
1060 248 1124 311 587

113 402 164 465 καὶ
183 411 236 462 τοῦ
254 399 371 482 βόθρου
392 398 682 481 ἀναβοθρενθέντος,
704 396 908 478 ἐφωράθησαν
926 397 962 459 τά
980 407 1032 477 τῆς
1050 396 1127 458 ἀπά-

113 525 167 580 της
189 498 458 576 κατασκευάσματα.

179 593 232 657 Ἐν
259 594 291 657 δὲ
315 601 355 679 τῷ
375 595 513 678 Κανώπρι
542 599 652 672 μᾶλλον
680 605 732 674 τῆς
755 595 826 674 ὅλης
848 594 1003 676 Αἰγύπτου
1029 616 1124 654 κατει-
1142 616 1181 658 ιιι
1195 613 1227 654 ιτ.

115 697 200 779 δώλφ
228 692 292 756 όντι
319 691 394 771 φασί
426 690 509 771 ιε’ρας
536 714 563 752 τι
590 686 668 753 εῖναι
698 702 841 755 τοιοῦτον.
886 690 956 754 ποτέ
982 693 1128 752 Χαλδαῖοι

114 797 167 859 τὸν
190 794 268 853 ἴδιον
291 791 380 870 θεόν,
408 790 479 869 ὅπερ
502 788 561 851 ἐστὶ
583 790 616 852 τὸ
639 799 714 870 πῦρ,
741 789 996 869 ἀποσεμνύνοντες
1018 811 1128 849 παντα-
1156 812 1168 852 τ
1268 870 1271 876 ¹

114 900 169 973 χοῦ
192 888 376 970 περιέφερον,
399 886 471 949 ώστε
494 893 555 960 τοῖς
574 894 658 960 θεοῖς
679 898 783 950 πασῶν
805 899 865 949 τῶν
885 889 1031 969 ἐπαρχιῶν
1054 905 1128 965 συμ-

115 985 292 1071 βεβληκέναι
309 985 359 1047 καὶ
377 985 429 1046 τὸν
445 994 572 1046 νικῶντα
590 984 705 1047 ἐκεῖνον
722 986 803 1068 παρὰ
818 988 939 1049 πάντων
957 988 1130 1066 νομίζεσθαι

115 1088 199 1149 θεόν.
240 1095 299 1146 τῶν
322 1081 376 1163 μὲν
399 1075 455 1145 ούν
477 1081 573 1145 ἀλλων
596 1083 742 1164 ἐπαρχιῶν
765 1086 798 1145 οί
813 1084 881 1146 θεοῖ
903 1084 923 1164 ή
942 1083 1002 1146 ἀπὸ
1020 1090 1129 1165 χαλκοῦ

116 1185 136 1267 ή
159 1193 270 1266 χρυσοῦ
298 1181 318 1263 ή
341 1180 472 1263 ἀργύρου
499 1179 519 1261 ή
547 1182 637 1255 ξύλου
664 1179 685 1261 ή
712 1183 802 1243 λίθου
829 1181 849 1262 ή
876 1181 966 1262 άλλης
993 1182 1130 1261 τοιαύτης

115 1285 191 1361 ὕλης
215 1279 367 1362 ἱδρνμένοι
390 1279 564 1361 ἐτύγχανον,
590 1276 609 1357 ή
634 1278 667 1341 δὲ
689 1281 810 1358 τοιαύτη
833 1282 889 1360 ῦλη
917 1279 1131 1359 ἀναμφιβόλως
1145 1300 1171 1339 ιο

117 1383 244 1462 εὐχερῶς
271 1378 320 1440 διά
347 1387 400 1439 τοῦ
423 1376 518 1459 πυρὸς
540 1377 710 1459 ἐφθείρετο,
739 1377 811 1439 ὥστε
837 1387 988 1458 πανταχοῦ
1016 1376 1048 1438 τὸ
1071 1386 1131 1457 πῦρ

118 1479 286 1559 ἀναγκαίως
313 1486 410 1537 νικᾶν.
455 1484 541 1537 τοῦτο
569 1474 706 1555 ἀκηκοὼς
733 1474 750 1538 δ
777 1485 830 1538 τοῦ
858 1477 1011 1538 Κανώπου
1038 1474 1132 1556 ἱερεύς

117 1576 290 1657 πανοῦργόν
312 1598 340 1635 τι
367 1582 502 1635 τοιοῦτον
530 1572 718 1653 ἐνεθυμήθη.
763 1573 864 1655 ὑδρίαι
891 1574 924 1635 ἐν
950 1579 1011 1647 τοῖς
1035 1571 1132 1653 μέρεσι

117 1685 171 1755 τῆς
194 1674 349 1755 Αἰγύπτου
377 1672 501 1733 είώθασι
523 1672 661 1753 γίνεσθαι
684 1670 855 1751 όστράκιναι
876 1672 992 1753 τρήσεις
1014 1671 1133 1752 ἔχουσαι

118 1771 224 1845 λεπτὰς
246 1776 387 1851 συνεχεῖς,
410 1769 482 1831 ὥστε
505 1769 555 1831 διδι
577 1780 635 1830 τῶν
658 1771 788 1850 τρήσεων
811 1770 932 1832 ἐκείνων
954 1769 987 1831 τδ
1005 1775 1133 1831 τεθολω·
1147 1789 1173 1829 τε

120 1868 211 1949 με’νον
242 1868 322 1948 ύδωρ
360 1868 562 1947 διυλιζόμενον
594 1866 797 1929 ἀποδίδοσθαι
831 1869 1048 1951 καθαρώτερον.
1101 1866 1133 1929 ἐκ

119 1968 233 2030 τούτων
255 1975 314 2026 τῶν
337 1964 449 2044 ύδριῶν
473 1967 543 2044 μίαν
567 1965 666 2046 λαβὼν
689 1964 819 2047 δίερεύς
839 1976 892 2027 τοῦ
910 1967 1064 2027 Κανώπου
1084 1964 1134 2025 καὶ

120 2065 173 2138 τάς
195 2063 310 2145 τρήσεις
332 2061 446 2136 ἐκείνας
469 2061 645 2145 ἀποφράξας
667 2069 749 2147 κηρῷ
770 2062 820 2124 καὶ
844 2064 1001 2143 διαφόροις
1024 2066 1134 2143 ζωγρα-

121 2164 221 2242 φήσας
247 2161 406 2242 χρώμασιν,
433 2162 591 2241 πληρώσας
617 2162 726 2233 ύδατος
752 2160 872 2240 ἔστησεν
900 2158 940 2233 όις
966 2160 1056 2239 θεόν,
1084 2158 1134 2221 καί

121 2258 276 2337 ἀποτεμὼν
306 2264 433 2319 παλαιοῦ
463 2257 628 2339 ἀγάλματος
660 2258 715 2337 τήν
742 2260 891 2338 κεφαλήν,
923 2258 994 2337 ὅπερ
1024 2256 1134 2338 ἐλέγετο
1148 2279 1175 2318 ιο

121 2358 282 2419 Μενελάου
308 2356 389 2429 τινὸς
416 2356 599 2437 κυβερνήτου
626 2361 819 2437 γεγενῆσθαι,
851 2355 993 2435 ἐπιμελῶς
1020 2354 1135 2429 ἐπιθείς

122 2456 251 2537 ήρμοσεν
282 2454 377 2533 αύτήν
404 2461 444 2539 τῷ
470 2453 622 2535 ἀγάλματι.
667 2452 863 2535 παρεγένοντο
891 2453 961 2533 μετά
988 2463 1080 2515 ταῦτα
1106 2455 1139 2515 οῖ

122 2554 282 2630 Χαλδαῖοι,
309 2550 438 2631 ἀνήφθη
465 2550 531 2632 περί
554 2551 609 2630 τήν
630 2551 739 2632 ῦδρίαν
760 2552 793 2613 τὸ
816 2561 891 2633 πῦρ,
920 2550 971 2613 καὶ
994 2551 1010 2614 δ
1033 2551 1135 2633 κηρός,

199 2759 287 2821 3-p.
303 2756 364 2818 588,
379 2756 395 2805 9
413 2750 505 2803 Rufin.
520 2750 554 2817 Π,
569 2756 610 2804 26.

198 2919 418 2989 1ἐφοράθησαν
438 2916 495 2988 (ἐφ’
513 2918 553 2987 ὁρ.
568 2918 802 2988 A).-AOE1«¹V
822 2920 977 2990 3uavobmp
991 2916 1069 2971 BEV
1086 2938 1136 2970 κοι-

124 2991 202 3065 νόπῳ
221 2991 351 3046 AODFR
373 2994 488 3063 κανοπῷ
507 2990 528 3043 L
546 2990 751 3081 εῖυιλλίίμνηιιε
739 3009 771 3045 m
788 3008 909 3059 ειηη-
930 2972 983 3076 τής
1000 2988 1137 3058 αλχύπτον

125 3063 157 3119 ύλ
157 3046 228 3133 ηςΑ
248 3061 313 3132 δλης
330 3080 380 3116 ουτ,
395 3062 478 3115 Β.-
499 3068 513 3115 ’λ
534 3061 725 3129 παραπαντων
744 3061 874 3114 ΕΒῚλ-
893 3057 944 3113 9
929 3080 946 3128 η
963 3067 1068 3130 χρυσοῦ
1087 3078 1136 3114 om

125 3134 266 3189 ABSuid
285 3152 309 3189 υ.
324 3134 465 3195 Κάνωπος
481 3134 568 3187 &avito
586 3133 748 3186 Rufina—
773 3128 920 3200 ηάπδάρ
922 3132 1010 3201 γύρου
1028 3131 1083 3184 ΑΒ.
1104 3163 1137 3171 -

127 3212 161 3261 10
180 3202 341 3277 ἀμφιβόλως
364 3208 434 3274 (λος
452 3202 630 3273 >01⁴3an
652 3203 677 3256 Ι)
700 3201 900 3295 ἀναμφιβόλως
922 3220 956 3257 ιω
978 3200 1139 3274 ἀμφιβόλως

125 3294 195 3333 corr.
215 3294 249 3331 m
269 3276 421 3343 1υιοῖῶ,
444 3292 494 3330 ουτ.
515 3275 602 3330 L—
628 3280 660 3329 12
680 3274 1015 3335 ἀκούσαςΑΒΒοιδ
1038 3274 1139 3327 τεκαὶ

126 3356 251 3439 συνεχεῖς
268 3348 408 3402 FRV.-
433 3352 465 3401 18
484 3345 653 3415 ἀποφράξας
670 3345 804 3399 ABSuid.
828 3344 997 3413 ἀναφράξας
1018 3345 1078 3399 rell
1103 3376 1136 3385 -

126 3425 162 3474 20
184 3440 217 3488 τη
218 3440 234 3473 ν
258 3436 308 3474 om.
328 3419 440 3472 BR-
464 3423 497 3470 21
522 3416 572 3485 μὲν
596 3416 680 3471 ἐλάου
698 3416 746 3469 ΑΕ
773 3415 997 3486 μενελέουῦμε
997 3414 1095 3472 ναλίου
1116 3416 1140 3469 Β

128 3490 211 3545 ἐλάον
229 3491 316 3544 R.-
335 3496 368 3544 22
389 3488 510 3559 ήρμοσεν
527 3488 578 3541 RV
588 3486 703 3542 θυοδ
685 3505 811 3558 ηρμωσεν
824 3487 925 3541 ABGL
943 3488 1003 3542 otF
1021 3506 1055 3542 m.
1070 3504 1138 3542 corr

128 3560 262 3629 εῖρμωσεν
281 3560 386 3615 ER-
407 3560 456 3615 καί
474 3558 662 3629 παρεγένοντο
677 3559 702 3612 A
719 3578 816 3629 παρεγ.
832 3558 864 3614 δὲ
882 3559 907 3611 R
927 3576 1023 3629 παρεγ.
1040 3556 1091 3612 οάν
1105 3556 1138 3609 V.

128 3664 162 3673 -·
182 3633 231 3686 καί
248 3631 367 3703 ἀνήφθη
386 3632 445 3685 RV.
