2617 3909
532 251 721 303 ΧΡοκΙΚοα
1070 249 1137 313 485
1188 237 1191 240 ’

121 411 190 462 τῶν
212 397 252 472 ὡς
279 399 459 480 ψευδολόγον
485 397 535 460 καί
562 399 785 482 ματαιάφρονες.
835 397 974 472 ὡσαύτως
1006 390 1062 460 οὖν
1087 398 1138 459 καλ

122 499 264 579 Σευηρου
282 498 462 576 τεθνηκότος
480 498 617 570 Λικίνιος
636 495 652 560 δ
671 497 803 579 γαμβρὸς
820 497 1049 559 Κωνσταντίνον
1069 495 1137 556 άντ-

121 597 277 678 εισάγεται.

194 693 254 755 Ίθν
277 692 310 755 δέ
331 717 363 774 γε
381 697 610 756 Κωνσταντῖνον
634 693 705 772 μετδι
726 694 782 773 τὴν
803 702 857 755 τοῦ
875 694 984 773 πατρὸς
1002 697 1098 754 τελευτ
1152 707 1237 746 38221.

121 791 247 872 συνέβη
263 802 403 872 νοσῆσαι,
431 791 502 853 ὥστε
533 792 603 871 μήτε
631 792 734 873 μάγων
760 793 940 873 προγνώσεις
966 789 1017 852 καί
1039 796 1137 869 μυθο-
1165 812 1177 852 ε

122 891 235 972 λογίαι,
263 890 334 969 μήτε
362 891 470 972 ἰατρῶν
497 889 653 969 ἐπιστῆμαι
679 889 730 951 καί
755 890 907 951 σκευασίαι
933 889 1137 969 βοηθημάτων

121 989 277 1050 δύνασθαι
303 989 335 1051 τὸ
367 989 468 1061 πάθος
499 987 592 1049 αὐτοῦ
619 993 809 1068 θεραπεῦσαι.
858 988 933 1070 πρὸς
959 985 996 1048 δν
1023 989 1055 1049 οἰ
1078 997 1137 1048 τῶν

122 1087 255 1148 εἰδώλων
278 1091 385 1169 μιερεῖς
407 1085 544 1159 ἐλθόντες
566 1084 713 1147 ὑπέθεντο
735 1086 951 1166 κολυμβήθραν
973 1085 1041 1146 τινδι
1062 1091 1137 1164 πλη-

120 1191 249 1246 σθεῖσαν
276 1185 398 1264 αἵματος
427 1185 555 1245 παιδίων
582 1182 745 1265 άφθόρων,
771 1182 823 1244 καί
848 1189 951 1267 θερμῷ
974 1190 1014 1268 τῷ
1037 1185 1138 1262 αἵματι

119 1279 176 1342 ’καί
206 1280 360 1362 άφρίζοντι
391 1280 591 1362 βαπτισθέντα
622 1281 714 1342 αὐτὸν
732 1281 874 1364 ,δγιάνακ
926 1279 1136 1361 συναχθέντων
1151 1303 1177 1342 ιο

123 1373 181 1440 οὖν
208 1389 267 1440 τῶν
293 1381 421 1442 παιδίων
449 1380 481 1442 έκ
510 1381 607 1459 πάσης
634 1379 773 1461 ἐπαρχίας
796 1379 847 1440 διὰ
869 1381 1023 1458 βασιλικοῦ
1045 1395 1137 1460 προσ-

120 1479 282 1560 τάγματος,
312 1476 362 1538 καὶ
389 1488 442 1540 τοῦ
469 1476 610 1557 βασιλέως
638 1477 693 1550 ἔξω
719 1476 1016 1559 παραπορευομένου,
1045 1494 1137 1556 προσ-

122 1576 300 1656 υπηντησαν
318 1576 397 1661 αὐτῷ
411 1587 504 1637 πᾶσαι
522 1586 580 1638 τῶν
596 1581 714 1637 πολλῶν
732 1575 853 1637 ἐκείνων
870 1576 999 1637 παιδίων
1017 1573 1137 1656 μητέρες

123 1671 340 1753 διαλελυμένων
362 1684 421 1736 τῶν
444 1675 604 1754 πλοκάμων
626 1673 758 1735 καὶτῶν
782 1676 881 1752 μαζῶν
902 1671 1137 1755 γεγυμνωμένων

122 1771 195 1852 μετὰ
222 1777 339 1834 πολλῶν
366 1770 505 1853 ὀδυρμῶν
531 1772 582 1834 καὶ
610 1772 756 1852 δακρύων.
801 1771 868 1853 περὶ
895 1763 937 1833 ὧν
960 1770 976 1834 δ
1000 1771 1137 1851 βασιλεὺς
1151 1794 1176 1835 1⁵

123 1870 302 1952 διερωτήσας
328 1869 378 1931 καλ
406 1870 513 1950 μαθὼν
541 1871 586 1932 δ’τι
611 1871 647 1931 αἰ
670 1869 790 1950 μητέρες
812 1868 868 1930 εἰσί
889 1879 950 1930 τῶν
973 1869 1137 1949 μελλόντων

121 1967 313 2048 ἀναιρεῖσθαι
348 1969 476 2030 παιδίων
510 1967 660 2049 δακρύσας
691 1963 783 2029 εἰπεν·
821 1967 912 2028 καλάν
944 1989 995 2045 μοι
1026 1965 1136 2045 μᾶλλόν

121 2067 203 2128 ἐστιν
224 2063 298 2146 δπὲρ
325 2075 378 2146 τῆς
405 2067 549 2148 σωτηρίας
573 2075 633 2126 τῶν
655 2064 796 2127 ἀναιτίων
817 2064 986 2126 ἀποθανεῖν
1007 2065 1136 2126 παιδίων

122 2162 143 2244 ἢ
167 2163 274 2243 ἕκτης
297 2163 417 2225 ἐκείνων
440 2173 558 2244 σφαγῆς
581 2161 735 2243 ὠμοτάτην
756 2161 806 2223 καὶ
828 2161 1034 2244 ἀπάνθρωπον
1058 2161 1136 2240 ζωὴν

121 2259 323 2341 ἐπιλέξασθαι,
345 2260 395 2322 καί
419 2263 541 2340 μάλιστα
563 2270 616 2340 τῆς
638 2259 671 2321 έκ
693 2260 805 2321 τούτων
828 2258 929 2340 δγείας
951 2257 1136 2339 άμφιβαλλο-
1150 2285 1176 2323 οο

122 2359 223 2440 μένης.
268 2359 319 2420 καὶ
345 2369 436 2421 ταῦτα
467 2359 541 2441 πρὸς
572 2358 628 2436 τὴν
655 2358 820 2439 σύγκλητον
847 2355 971 2439 εἰρηκὼς
998 2357 1136 2436 εἰσῆλθεν

121 2458 166 2530 εἰς
188 2457 220 2518 τὸ
244 2457 386 2519 παλάτιον
407 2457 457 2519 καὶ
480 2457 517 2518 οὐ
541 2456 634 2536 μόνον
656 2456 726 2528 τοὺς
751 2456 859 2528 παῖδας
881 2461 945 2528 ταῖς
967 2455 1057 2528 ἰδίαις
1079 2478 1137 2533 μη-

121 2555 226 2638 τράσιν
248 2553 396 2616 έκέλενσεν
418 2555 620 2636 ἀποδοθῆναι,
643 2552 717 2614 άλλδι
738 2552 788 2614 καί
806 2551 937 2634 ὀχήματα
954 2553 1005 2614 καί
1022 2551 1136 2614 ἀναλά-

122 2675 200 2732 ματα
226 2651 402 2735 προσέταξεν
430 2651 531 2725 αὐταῖς
558 2651 590 2714 έν
617 2658 656 2737 τῷ
680 2651 877 2732 ὑποστρέφειν
904 2657 1135 2733 παρασχεθηνοιι.

119 2749 172 2812 καλ
200 2751 306 2812 τούτου
330 2748 491 2831 γενομένου
523 2749 556 2812 έν
583 2749 658 2834 αὐτῇ
691 2759 725 2834 τῆ
753 2749 839 2810 νυκτὶ
866 2749 962 2830 δ’ραμα
993 2747 1135 2810 ἐθεάσατο
1149 2773 1176 2812 τε

196 2940 320 3009 1-3Ep
322 2939 352 2993 ίλ.
368 2939 434 2994 eccl.
445 2941 479 3007 ef.
490 2939 554 2994 Exo.
570 2939 633 2993 Bar.
644 2939 805 3008 Theophffp
818 2944 859 3005 12
871 2944 962 2991 12.-
977 2943 1061 3006 4-10
1073 2943 1135 3004 487,

120 3017 157 3136 ΞΟ
175 3013 211 3078 ef.
226 3010 495 3136 ἶίλυωῖξχλνοοῇ
483 3029 514 3065 ιιι
529 3008 965 3078 Combefis,ss1ustriumchflsti
980 3010 1136 3077 ωυιτγτοπι

134 3100 227 3152 nump
249 3102 259 3136 1
274 3101 296 3152 p

195 3249 363 3316 2λικίννιος
382 3235 551 3306 GELM-
574 3249 765 3306 κωνσταντίου
783 3251 806 3303 Β
824 3257 850 3305 et
866 3266 937 3304 rece.
957 3248 1080 3319 quidam.
1101 3282 1135 3289 —

120 3323 188 3378 8ιε
189 3331 246 3390 ρεῑς
268 3323 385 3376 ΒΡ.-
409 3327 441 3376 13
460 3331 549 3377 πᾶσαι
568 3322 642 3376 αλ-
609 3321 804 3392 -μητίρεςῈ
828 3330 960 3376 πάσαι-
928 3269 1001 3374 -qal
1024 3319 1137 3391 μητέρες
1253 3364 1256 3370 ,

120 3393 265 3448 RDL-
283 3391 548 3464 2οὑγίαςοΕΡΜ.
855 3446 857 3449 .

193 3569 262 3617 5—‘1
283 3563 350 3620 ῶστε
369 3563 435 3634 μήτε
453 3563 544 3633 μάγον
563 3563 630 3633 μήτε
645 3562 742 3632 ἰατρόν
756 3583 820 3617 τινα
834 3563 979 3617 δύνασθαι
992 3562 1024 3617 τδ
1038 3561 1136 3639 πάθος

121 3635 183 3689 αὐτ.
199 3638 302 3703 θεραπ.
317 3635 347 3688 Ρ
