2617 3909
189 235 253 300 736
498 237 686 290 ΙῈΩΡΓΙΟΤ
703 239 887 290 ΜΟΝΑΧΟΤ

186 386 245 464 κήν
263 409 329 447 τινα
353 386 580 466 μεταδιώκοντες
602 385 768 465 ἐπιστήμην
791 387 1051 467 καταλαμβάνουσι
1071 387 1213 468 τὴντῶν
1284 463 1285 470 ¹

154 508 156 511 ’
183 479 318 566 Ἀράβων
341 483 498 565 βασιλικήν
520 484 630 564 αὐλήν,
650 483 706 545 ’καλ
730 483 768 562 δή
790 484 1030 565 καταμηνάονται
1054 491 1094 570 τῷ
1115 498 1211 568 προρ-
1284 487 1285 502 ’

187 581 310 665 ρηθίντι
324 577 417 656 Ἰαζδιτ
439 582 489 644 καί
507 583 600 666 τούτῳ
618 583 807 668 χρησμῳδίας
824 584 1024 656 πολυευζωίας
1042 581 1094 644 καλ
1114 589 1211 645 πολυ-

186 683 307 763 χρονίου
331 682 476 760 διαμονῆς
500 689 655 761 μυοῦνται,
678 681 754 761 εἴγε
780 677 838 762 άρα
859 681 915 760 τήν
937 690 996 742 τῶν
1014 685 1212 763 Χριστιανῶν

160 779 364 860 τκαταρράξαι
387 778 583 858 διακόσμησιν
606 779 756 858 δυνηθείη
778 779 830 841 τόν
849 801 877 838 τε
896 788 949 840 τοῦ
968 787 1101 859 σωτῆρος
1121 777 1211 859 ἡμῶν

183 871 281 956 Ἰησοῦ
300 880 430 957 Χριστοῦ
453 877 634 958 θεανδρικδν
656 886 825 958 χαρακτῆρα
847 875 897 936 καλ
921 885 973 957 τής
991 876 1084 939 αὐτὸν
1103 879 1209 939 τεκοῦ-

186 994 241 1053 σης
259 975 443 1055 θεομήτορος
461 975 494 1036 ἐκ
509 985 569 1037 τῶν
581 974 828 1054 ἐκκλησιαστικῶν
846 974 1011 1056 περιβόλων
1029 974 1210 1052 άπαλεῖψαι.

186 1071 237 1134 καί
266 1072 303 1152 δή
333 1071 349 1135 δ
373 1073 517 1152 φιλόζωος
544 1073 656 1145 ἐκεῖνος
683 1071 732 1133 καὶ
759 1070 907 1154 χοιρόβιος
934 1070 1099 1154 ἅνθρωπος
1129 1073 1208 1152 ὑπή-

186 1189 275 1232 κουσε
307 1181 342 1256 τῇ
376 1173 530 1256 συμβουλῇ
563 1181 622 1232 τῶν
649 1169 829 1232 ἀπατεώνων
860 1169 911 1232 καὶ
942 1171 1038 1244 πάσας
1070 1170 1126 1244 τάς
1156 1183 1210 1252 τῆς

73 1284 75 1288 ’
146 1293 173 1333 1⁰
187 1267 263 1355 ἑῴας
286 1270 442 1349 ἐκκλησίας
465 1269 650 1330 διεσάλευσεν
673 1268 706 1330 ἒν
728 1269 809 1352 πάση
832 1277 867 1353 τῇ
891 1267 965 1354 άρχῇ
989 1267 1092 1329 αὐτοῦ.
1142 1265 1204 1330 ἀλλ’

185 1366 331 1446 ήπατήθη
353 1365 369 1428 δ
388 1367 522 1440 δείλαιος.
564 1364 648 1428 οόπω
670 1366 726 1448 γὰρ
749 1366 887 1428 ἐνιαυτοῦ
909 1364 1135 1447 πληρωθέντος,
1157 1366 1209 1427 καλ

184 1474 290 1526 τοῦτον
309 1462 327 1544 ή
347 1466 417 1525 θεία
441 1465 509 1543 δίκη
533 1465 753 1546 μετεχειρίσατο,
776 1462 843 1526 δδὲ
861 1463 927 1537 υίὸς
949 1463 1042 1526 αὐτοῦ
1068 1465 1207 1539 διαδεξά-

186 1585 273 1641 μενος
295 1562 351 1641 τήν
373 1559 535 1643 ήγεμονίαν
563 1562 655 1624 αὐτοῦ
683 1562 806 1636 τούτους
832 1560 995 1642 ἠβουλήθη
1023 1557 1065 1634 ὥς
1090 1563 1207 1639 ψευδο-

85 1685 170 1728 ωοω.
185 1660 297 1739 μάντας
333 1658 511 1721 ἀποκτεῖναι.
566 1661 672 1733 οἵτινες
705 1659 891 1740 φοβηθέντες
923 1655 1032 1744 ᾤχοντο
1069 1658 1205 1739 ἀνακάμ-

145 1784 171 1824 15
185 1772 297 1835 ψαντες
320 1757 409 1818 πάλιν
432 1757 465 1819 ἐν
482 1763 544 1830 τοῖς
559 1754 735 1839 Ἰσαυρικοῖς
758 1759 919 1839 μεθορίοις.
936 1789 938 1795 ⁸
955 1751 1018 1818 εἶτα
1039 1757 1084 1831 εἰς
1102 1758 1207 1839 πηγήν

185 1856 252 1916 τινά
274 1877 334 1916 που
357 1853 575 1936 άναψνχόντων
598 1856 711 1936 αὐτῶν,
737 1855 804 1917 ἰδοὺ
826 1857 980 1928 νεανίσκος
1002 1877 1046 1928 τις
1070 1853 1206 1934 τοῦνομα

185 1952 274 2015 Λέων
297 1954 385 2027 καλὸς
408 1959 447 2038 τῷ
462 1955 543 2034 εἴδει,
567 1951 676 2034 ὡραῖος
699 1959 738 2037 τῷ
753 1954 912 2039 προσώπῳ,
936 1953 1070 2033 εὐμήκης
1091 1961 1134 2038 τῷ
1150 1947 1204 2014 σά-

185 2076 263 2131 ματι,
286 2052 437 2132 βάναυσος
460 2051 515 2130 τήν
533 2050 638 2132 τέχνην
662 2050 691 2125 ἐξ
710 2050 802 2131 αὐτῆς
824 2050 880 2130 τήν
898 2051 977 2130 ζωήν
997 2052 1204 2132 ποριζόμενος,

184 2149 235 2210 καλ
258 2149 296 2228 δή
324 2149 357 2211 ἐκ
379 2160 433 2211 τοῦ
456 2149 619 2230 ὑποζυγίου
641 2148 693 2210 τὸν
717 2149 829 2230 φόρτον
851 2148 1055 2230 περιελόμενος
1082 2147 1202 2210 ἐκάθισε

144 2247 234 2312 εοκαλ
257 2247 346 2321 αὐτὸς
369 2247 417 2310 ἐπὶ
439 2257 475 2332 τῇ
498 2257 588 2333 πηγῇ.
635 2247 698 2328 ὥρα
725 2239 765 2326 ήν
792 2244 860 2308 ὡσεί
881 2246 957 2326 ἕκτη.
1003 2240 1066 2307 εἶτα
1092 2249 1126 2308 οἱ
1147 2257 1204 2307 τῶν

183 2343 428 2426 ἐγγαστριμύθων
456 2344 563 2423 μόσται
590 2353 735 2423 μυοῦνται
763 2345 842 2428 αὐτῷ
867 2353 920 2406 τοῦ
942 2345 1086 2426 κατάρξαι
1110 2345 1204 2407 αὐτὸν

183 2451 236 2521 τῆς
251 2435 413 2522 Ῥωμαῖκῆς
430 2443 579 2523 βασιλείας
597 2453 656 2504 τῶν
675 2443 839 2523 σκήπτρων.
876 2441 926 2524 καλ
945 2442 982 2520 δή
1001 2451 1055 2504 τοῦ
1069 2441 1204 2516 Λέοντος

183 2538 424 2619 ἀναβαλλομένου
456 2539 506 2601 καὶ
538 2542 753 2621 διαποροῦντος
784 2540 858 2622 πρὸς
889 2541 922 2602 τὸ
938 2539 1119 2620 ,άκρότατον
1152 2551 1204 2620 τῆς

183 2636 291 2698 ἑαυτοῦ
313 2637 455 2712 εὐτελείας
478 2637 663 2721 ἀφορῶντος,
687 2639 786 2720 ὅρκοις
809 2644 1041 2718 πληροφορεῖται
1063 2637 1125 2701 ὑπὸ
1144 2649 1205 2699 τῶν

144 2761 170 2803 25
185 2737 378 2817 μισοχρίστων
402 2736 446 2798 ότι
466 2745 556 2798 ταῦτα
579 2737 657 2799 οὕτω
677 2738 726 2799 δεῖ
739 2735 885 2818 γενέσθαι.
922 2735 972 2797 καλ
990 2737 1028 2816 δή
1047 2736 1206 2798 αἰτοῦνται
1284 2791 1285 2796 ,

182 2833 275 2896 αὐτὸν
294 2831 497 2915 δρκωμοσίους
515 2834 622 2916 λόγους
640 2840 914 2918 πληροφορηθήναι
932 2829 1003 2916 παρ’
1019 2833 1125 2914 αὐτοῦ,
1150 2829 1204 2914 W,
1284 2833 1285 2906 Ῑ

182 2933 210 2993 εί
231 2930 289 3014 άρα
311 2956 342 3014 γε
365 2933 408 3006 εἰς
430 2931 521 3013 πέρας
544 2941 630 2994 τοῦτο
654 2930 770 3014 άγοιτο,
797 2942 857 2992 πᾶν
882 2932 910 2993 ελ·
931 2954 958 2993 τι
981 2923 1038 2993 οὖν
1060 2931 1205 3012 αἰτηθείη

255 3129 270 3176 3
290 3123 356 3192 ῑζὴθ
374 3123 407 3176 R.
422 3155 457 3162 -
475 3119 666 3187 πολνζωίαςΒ
686 3117 800 3186 εῦζωίας
818 3121 847 3174 L.
865 3153 899 3161 -
918 3117 1096 3191 πολυχρόνου
1114 3122 1204 3191 ΑΕρ.

184 3225 217 3233 -
239 3201 270 3247 12
290 3193 500 3264 μετεχειρήσατο
521 3191 626 3247 ΑΟΒΕ
649 3194 864 3264 μετεχειρώσατο
882 3193 908 3246 R
930 3192 1108 3262 (ἐχειρώσατο
1129 3193 1204 3262 Ep.).

183 3295 218 3304 —
239 3270 271 3317 13
292 3264 496 3333 ψευδομάντεις
509 3264 584 3319 BLR
593 3265 644 3334 Ep.
666 3297 699 3305 -
720 3270 753 3318 15
773 3261 832 3319 εἶτα
847 3281 897 3318 σου.
911 3263 946 3317 Ν.
962 3295 995 3304 -
1016 3268 1049 3316 19
1068 3265 1203 3332 περιελώ-

184 3335 331 3401 μενοςΑΜ
345 3335 585 3403 περιαλώμενοςΒ
604 3335 733 3405 ἑλόμενος
747 3335 805 3390 CR.
821 3367 853 3374 —
870 3340 903 3389 25
918 3335 973 3406 δεῖ]
989 3334 1023 3402 δή
1038 3333 1156 3390 AOMV.
1168 3368 1202 3375 —

185 3409 219 3456 26
240 3402 416 3471 ὀρκομοσίοις
433 3404 526 3474 λόγοις
539 3405 597 3458 ΒΜ
616 3403 783 3474 δρκομοσίας
796 3405 826 3461 λό
846 3425 895 3468 ους
908 3423 978 3460 rece.
993 3405 1123 3474 plerique
1142 3406 1202 3476 (δρ-

184 3470 325 3554 κωμοσίας
342 3473 434 3540 λόγοις
450 3475 521 3542 Ep).
537 3507 570 3516 -—
590 3473 643 3548 ἵν’]
663 3475 736 3532 όνΑ
754 3495 804 3534 om.
821 3427 848 3530 (λ.
864 3508 899 3516 -
918 3472 973 3544 ἆρα
987 3475 1066 3530 AGN
1085 3485 1111 3532 et
1127 3493 1201 3530 rece.

185 3543 364 3608 qu1dam.—
387 3548 420 3593 27
440 3563 470 3612 γε
488 3561 538 3599 σοι.
558 3545 616 3600 ΑΝ.
643 3579 676 3586 -
700 3543 751 3602 οὖν
775 3548 804 3602 εί
822 3569 849 3602 τι
866 3548 923 3602 ΑΒ.
947 3580 982 3588 -
1005 3548 1113 3618 αἰτηθῇ
1131 3547 1159 3600 V
1177 3556 1204 3603 et

185 3626 255 3662 rece.
271 3610 395 3678 quidam.
