2617 3909
545 241 733 292 XPONIKON
1081 239 1146 304 537

134 386 186 448 καὶ
204 386 220 449 δ
240 385 329 469 μέγας
343 381 475 468 Ἐφραὶμ
493 387 567 473 ἔργῳ
584 386 635 449 καλ
652 387 729 473 λόγῳ
748 386 911 468 διέπρεπεν,
935 385 968 463 ὃς
985 387 1035 451 καὶ
1053 389 1146 451 πολλὰ
1159 413 1199 452 439
1215 412 1245 450 M.

135 485 348 567 συγγράμματα
371 484 591 566 καταλέλοιπεν,
618 485 651 548 ἐν
674 479 719 560 οίς
741 484 791 546 καὶ
813 487 981 566 τριακοσίας
1002 487 1148 567 μυριάδας

135 582 279 646 ἐκδέδωκε
305 584 411 664 στίχων
439 584 480 656 εἰς
507 583 539 645 τὸ
570 584 695 661 ψάλλειν
717 583 838 665 Σύρους
864 583 914 645 καλ
940 582 1010 658 τοὺς
1036 583 1068 646 ἐκ
1095 593 1148 664 τής

135 681 253 760 πλάνης
275 690 328 742 τοῦ
350 681 550 764 Βαρδισιάνου
577 682 873 762 προσεπισπάσαοθαι
895 681 946 743 διά
967 691 1020 743 τοῦ
1043 681 1148 762 μέλους

134 778 186 840 καί
213 787 266 858 τῆς
293 776 441 858 ήδυτάτης
468 779 651 859 συμφωνίας.
697 777 867 859 ἐκβιασθεὶς
893 777 926 842 δέ
948 778 998 840 καλ
1020 779 1147 861 πρεσβύ·
1175 802 1187 843 5

134 900 218 958 τερος
236 876 444 956 ἐχειροτονήθη
466 875 526 939 ὑπὸ
548 887 600 939 τοῦ
619 876 747 958 μεγάλου
760 877 926 958 Βασιλείου,
948 874 982 951 ὃς
999 876 1050 938 καλ
1067 877 1147 939 ἐποί-

135 993 208 1054 ησεν
238 974 329 1036 αὐτὸν
358 967 398 1035 δι’
429 974 570 1053 αἰτήσεως
596 979 720 1055 λαλῆσαι
750 973 806 1053 τήν
831 967 990 1054 Ἑλληνίδα
1019 979 1148 1056 γλῶτταν

134 1071 301 1145 άκωλύτως.
337 1071 387 1132 καὶ
405 1071 437 1132 τὸ
457 1077 579 1152 σημεῖον
597 1081 649 1134 τοῦ
669 1080 798 1153 σταυροῦ
814 1070 914 1151 ἐφάνη
927 1071 961 1134 ἐν
973 1078 1014 1156 τῷ
1028 1072 1148 1156 οὐρανῷ

133 1169 195 1231 άπὸ
218 1179 270 1231 τοῦ
294 1167 380 1251 ἁγίου
403 1171 526 1250 κρανίου
549 1169 642 1231 τόπου
670 1169 752 1251 μέχρι
773 1179 826 1230 τοῦ
850 1168 939 1250 ὄρους
960 1180 1020 1231 τῶν
1041 1170 1147 1232 ἐλαιῶν

134 1270 252 1348 διῆκον,
275 1267 342 1349 περί
365 1261 401 1328 ού
424 1267 475 1328 καλ
497 1266 616 1348 φέρεται
638 1266 713 1348 πρὸς
730 1266 940 1329 Κωνστάντιον
958 1267 1018 1330 ὑπὸ
1036 1270 1146 1350 Κυρίλ·
1161 1292 1187 1332 ιο

135 1371 190 1428 λου
210 1359 419 1447 Ἱεροσολύμων
442 1364 588 1446 άναφορά.

205 1464 246 1524 Οί
269 1465 372 1524 τοίνυν
400 1464 619 1543 Μεσσαλιανοί,
646 1457 727 1524 τοῦτ’
752 1462 831 1524 ἔστιν
849 1462 983 1544 ΔῙίιύχῑται
1010 1462 1060 1524 καὶ
1079 1458 1147 1524 Ἐν-

134 1561 312 1623 θουσιασταλ
340 1560 490 1642 λεγόμενοι
517 1560 575 1623 ἀπὸ
596 1555 754 1638 Ἀδελφίου
780 1560 831 1622 καί
853 1561 964 1640 Δαδώη
987 1559 1037 1622 καὶ
1059 1561 1147 1640 Σάβα

134 1658 185 1720 καλ
207 1664 369 1739 Συμεῶνος
395 1669 454 1720 τῶν
481 1659 674 1741 αἴρεσιαρχῶν
700 1658 755 1738 τήν
782 1659 919 1740 πονηρὰν
947 1658 998 1720 καί
1020 1658 1147 1740 ψυχόλε-

134 1764 214 1838 θρον
236 1757 348 1837 αἵρεσιν
370 1757 481 1836 ταύτην
509 1755 674 1837 μετέλαβον.
719 1750 774 1835 ἀφ’
795 1749 838 1818 ὧν
861 1754 877 1818 δ
900 1755 990 1839 μέγας
1015 1761 1147 1838 Φλαβια-
1161 1780 1187 1820 15

134 1855 188 1928 νὸς
217 1850 392 1936 Ἀντιοχείας
424 1854 582 1929 ἐπίσκοπος
618 1854 666 1917 ἐπὶ
697 1855 730 1917 τὸ
767 1854 839 1917 αὐτὸ
871 1855 1019 1935 μοναχοὺς
1050 1857 1147 1936 δῆθεν

107 2033 111 2038 ¹
135 1954 338 2034 συναθροίσας
365 1951 492 2027 πολλοὺς
519 1952 569 2014 καί
595 1953 650 2031 τήν
673 1953 786 2033 αἵρεσιν
807 1951 1040 2033 έξαρνουμένους
1062 1954 1146 2016 τόνδε

135 2049 188 2112 τὸν
213 2050 322 2130 τρόπον
350 2049 506 2131 διήλεγξεν.
552 2049 697 2130 ἐπίσημον
718 2050 774 2131 γάρ
796 2073 863 2111 τινα
885 2043 955 2130 παρ’
976 2049 1077 2124 αὐτοῖς
1099 2049 1146 2131 γε’-

132 2172 224 2230 ροντα
247 2147 426 2229 παραλαβὼν
449 2144 513 2208 κατ’
535 2149 614 2211 ἰδίαν
637 2148 696 2228 ἔφη
719 2148 794 2230 πρὸς
810 2146 903 2209 αύτδν
926 2147 996 2227 μετὰ
1013 2169 1146 2228 πανουρ-

209 2334 277 2381 1-5
292 2327 396 2382 Thood.
412 2328 487 2383 θεολ.
502 2329 536 2396 cs.
553 2328 642 2382 Gmm.
658 2327 692 2396 Π,
707 2332 750 2394 95,
766 2334 780 2380 1
799 2326 877 2382 Theo
897 2326 924 2381 h.
938 2343 965 2396 p.
980 2332 1022 2395 62,
1037 2331 1070 2379 33
1089 2327 1145 2382 Leo

176 2405 218 2466 ει,
234 2404 249 2451 ο
268 2398 366 2468 Polycl,
380 2416 407 2468 p.
423 2405 483 2453 ειν.
498 2431 532 2440 -
551 2404 637 2454 8-11
655 2400 692 2454 ω.
707 2400 741 2464 α.
757 2397 846 2452 eram.
888 2403 953 2465 ,οτ,
969 2404 1001 2452 15
1020 2397 1145 2468 Theoph.

177 2475 220 2538 41,
235 2475 268 2523 32
292 2469 389 2538 Polyd.
402 2488 430 2539 μ.
447 2475 498 2525 338
507 2472 555 2537 μιν.
576 2503 609 2511 -
636 2475 740 2523 12-16
758 2470 794 2524 λθ.
812 2470 846 2536 cf.
862 2468 1144 2540 Ειο.Βεε.Τ1ιεορλι.

175 2547 218 2609 63,
235 2547 275 2596 14.
295 2571 329 2582 «-
349 2547 453 2611 Ιο-μ.
469 2546 530 2609 639,
545 2546 561 2595 9
580 2540 746 2596 Theodorot.
761 2539 833 2594 Hint.
848 2541 915 2596 ουελ.
929 2540 976 2606 IV,
992 2547 1033 2595 11.

130 2417 160 2470 1).

129 2489 160 2541 p.

131 2560 160 2612 p.

206 2701 221 2746 2
240 2691 387 2747 κατέλιπεν
404 2692 429 2745 Α
452 2693 626 2747 καταλειπών
644 2692 675 2746 Ρ.
695 2725 728 2733 -
749 2698 766 2745 4
785 2691 977 2763 βαρδησιάνου
994 2691 1020 2744 A
1042 2693 1146 2762 βαρδη-

132 2772 234 2819 σιανοῠ
253 2763 306 2818 EG
329 2765 513 2834 βαρδισιανοῦ
531 2764 564 2818 R.
585 2795 617 2804 -
641 2767 890 2831 προσεπισπᾶσθαι
909 2763 981 2817 BFP
1001 2761 1145 2832 (ἀντισπά-

133 2839 240 2890 σασθαι
255 2834 344 2889 Oram.
354 2834 470 2903 Polyd.).
487 2866 520 2876 -
535 2840 550 2887 7
566 2835 665 2906 αὐτὸν]
682 2843 783 2890 τοῦτον
799 2835 821 2888 F
835 2851 885 2890 om.
896 2835 930 2888 N.
946 2867 979 2875 -
994 2839 1010 2887 9
1025 2834 1146 2889 ἀπὸτοῦ

133 2906 222 2962 τόπου
236 2914 286 2961 τοῦ
300 2903 383 2975 ἁγίου
398 2902 516 2973 κρανίου
530 2906 585 2960 FR.
601 2937 634 2946 -
651 2912 684 2959 12
698 2903 860 2974 μεοαλιανοί
874 2904 948 2959 DFL
961 2901 1146 2973 μασοαλιανοί

134 2978 189 3031 ER
207 2975 375 3047 μασαλιανοί
389 2977 420 3030 Β.
436 3009 469 3017 -
489 2974 595 3049 εύχίται
613 2976 709 3030 BFLP
732 2977 845 3046 εύχήται
861 2977 888 3029 N
910 2977 1023 3048 εύχηταλ
1037 2974 1092 3030 AO.
1112 3008 1146 3016 -

135 3055 168 3102 13
184 3049 319 3117 άδελφιοῦ
330 3047 435 3102 LNRV
449 3047 599 3117 ἀδελφειοῦ
608 3049 639 3102 Β.
651 3080 686 3087 -
700 3046 791 3116 δαδίη
801 3047 850 3100 BV
864 3046 990 3103 δαδὼνῦ
1007 3049 1103 3102 δαδῶν
1113 3045 1144 3100 G.

134 3152 168 3160 —-
189 3119 280 3191 σάββα
299 3118 384 3173 BRV.
405 3150 439 3159 -
460 3120 617 3188 τοιαύτην
636 3118 744 3186 αίρεσιν
762 3118 796 3172 Ν.
815 3150 851 3158 -
875 3124 908 3172 16
926 3115 1078 3180 ἐπίσκοπος
1096 3118 1146 3172 άν-

133 3187 290 3262 τιοχείαςΙι
309 3186 460 3251 ἐπίσκοπος
478 3206 527 3244 om.
543 3190 572 3244 P.
588 3223 621 3231 -
642 3195 674 3243 17
695 3186 889 3257 συναθροίσας
907 3188 1037 3257 δῆθενλί
1056 3192 1146 3259 δῆθεν

132 3280 185 3318 om.
203 3263 235 3315 R.
255 3293 291 3301 -
309 3261 512 3331 ἐξαρνούμενος
528 3261 554 3314 V
577 3261 777 3330 ἐξαρνούμενοι
794 3261 827 3313 R.
847 3293 880 3301 -
906 3265 938 3314 18
956 3261 1006 3315 τὸν
1024 3277 1074 3316 om.
1089 3261 1144 3314 lm.

207 3410 284 3458 5-8
307 3406 347 3460 sie
368 3407 400 3458 in
418 3404 452 3457 P:
477 3404 637 3476 ἐκβιασθελς
660 3402 691 3458 δέ
715 3403 763 3457 καί
785 3403 919 3466 διάκονος
941 3399 1089 3473 γενόμενος
1112 3403 1145 3455 οὐ

130 3474 300 3542 κατεδέξπο
333 3473 426 3545 μεῖζόν
457 3495 484 3528 τι
516 3473 650 3546 γενέσθαι
682 3473 731 3528 διὰ
762 3473 866 3542 πολλὴν
897 3473 1144 3542 μετριοφροαύνην.

128 3547 254 3616 <Eadem
270 3549 326 3616 [τοι
344 3546 434 3602 Οεσω.
454 3546 571 3616 Polyd.).
595 3577 629 3586 —-
654 3551 687 3600 15
706 3541 759 3613 ἀφ’
776 3540 816 3600 ὧν
834 3546 872 3608 ὡς
890 3545 959 3614 φησλ
975 3542 1061 3598 πάλιν
1078 3546 1145 3597 θεο-

127 3619 267 3688 δώρητος,
286 3617 300 3674 ὁ
319 3621 400 3681 θεῖος
419 3618 575 3689 φλαβιανδς
592 3617 621 3670 Ρ.
