2617 3909
181 231 246 295 540
489 231 676 285 νοανοιοτ
693 233 876 286 νοοιαοα

179 390 353 462 συγγραφῆς
385 379 463 454 ίδίας
494 379 683 460 ἐπτδεόμενα,
715 377 801 460 ήμεῖς
832 379 864 442 δέ
895 380 928 442 ἐκ
941 410 944 415 ·
959 385 1077 442 πολλῶν
1109 379 1197 464 όλίγα

179 479 391 560 διηγησόμεθα.
443 477 475 540 ἐν
499 471 662 540 Ἀσκάλωνι
693 475 747 557 μὲν
773 477 823 540 καλ
849 479 930 563 Γάζη
956 478 1077 562 ἀνδρῶν
1104 480 1196 562 ἱερῶν

178 576 228 639 καί
250 585 401 658 γυναικῶν
423 574 475 636 διὰ
497 577 566 656 βίον
588 575 644 655 τήν
667 577 834 658 παρθενίαν
854 575 1077 658 ἐπηγγελμένων
1099 575 1194 660 ἀναρ-

178 675 318 757 ρήξαντες
341 672 392 748 τὰς
414 672 554 756 γαστέρας
581 672 631 734 καλ
653 679 770 755 κρνθιθν
792 673 990 753 ἐμπλήσαντες
1010 676 1195 757 προάθηκαν

151 774 288 854 εγοίροις
313 771 422 853 βοράν,
450 764 493 833 ὧν
519 769 569 832 καλ
595 781 654 834 τῶν
682 767 804 850 ήπάτον
826 771 876 834 καί
898 782 958 834 τῶν
979 773 1113 853 αἱμάτων
1134 772 1193 834 ἀπ·

177 871 332 952 εγεόσαντο
355 870 387 931 οί
403 869 583 947 δυσώνυμοι.
619 868 652 930 ἐν
674 867 707 932 δέ
728 877 764 954 τῆ
784 872 919 957 Σεβαστῇ
942 871 1025 933 πόλει
1046 881 1100 934 τοῦ
1118 873 1192 952 προ-

177 967 290 1050 δρόμου
317 967 372 1047 τήν
399 967 502 1046 θήκην
529 964 699 1040 ἀνοίξαντες
724 969 799 1049 πυρί
824 991 853 1030 τε
879 967 1049 1052 παρέδοσαν
1071 969 1107 1031 τά
1134 971 1191 1031 λεί-

176 1079 262 1142 ψανα
292 1064 343 1126 καί
374 1065 430 1145 τήν
461 1064 546 1126 κόνιν
578 1063 777 1128 διεσκέδασαν.
827 1065 860 1128 ἐν
888 1065 921 1129 δὲ
947 1069 1112 1153 Καισαρείᾳ
1139 1076 1192 1147 τῆς

179 1165 330 1224 Φιλίππου
358 1172 393 1248 τῆ
421 1172 479 1224 νῦν
502 1162 637 1223 Πανεάδι
664 1160 788 1243 ἀνδριάς
815 1155 855 1242 ήν
881 1173 935 1225 τοῦ
961 1166 1083 1247 κυρίου,
1112 1161 1148 1226 ὃν
1171 1162 1191 1244 ή

137 1283 163 1322 ιο
177 1260 337 1345 αἱμόρρους
360 1260 582 1343 εὐχαριστήριον
604 1258 662 1342 πρὸ
684 1268 738 1321 τοῦ
755 1260 841 1322 οἴκου
860 1260 952 1342 αὐτῆς
970 1261 1098 1342 ἔστησεν.
1138 1264 1191 1342 βο

175 1361 250 1439 τάνη
273 1358 306 1421 δέ
327 1382 371 1434 τις
394 1359 500 1438 ἐφύετο
523 1357 555 1419 ἐν
578 1366 613 1442 τῆ
637 1357 735 1439 βάσει,
761 1357 794 1419 ἐν
816 1347 836 1445 ή
859 1359 1001 1441 πρότερον
1023 1358 1040 1422 ό
1062 1365 1191 1441 χαλκοῦς

175 1457 298 1540 ἀνδριάς
320 1457 417 1519 ἵστατο
441 1465 493 1518 τοῦ
516 1460 647 1538 Χριστοῦ
672 1465 745 1517 πᾶσι
768 1455 822 1536 μέν
845 1456 1019 1539 ἀνθρώποις
1041 1456 1192 1540 άγναστος

175 1553 312 1634 πέλουσα,
335 1555 445 1628 παντὸς
468 1553 501 1616 δέ
523 1555 643 1627 πάθους
661 1551 850 1635 ἀλεξητήριος
868 1554 1061 1635 τυγχάνουσα.
1099 1554 1191 1638 ὅνπερ

176 1651 337 1731 ἀνδριάντα
357 1648 516 1725 Ἰουλιανός
545 1650 560 1714 δ
589 1650 698 1732 ἀσεβής
725 1657 900 1733 καταγαγεῖν
926 1652 1002 1734 πρὸς
1023 1651 1191 1735 ἐμπαιγμδν

137 1771 162 1810 ιι
177 1750 273 1828 δῆθεν
301 1747 351 1810 καὶ
379 1759 506 1831 συρῆναι
533 1749 698 1831 προστάξας
730 1749 808 1810 ἴδιον
841 1743 905 1810 ἀντ’
937 1749 1052 1811 ἐκείνου
1082 1750 1193 1823 ξόανον

75 1870 114 1910 ιιτ
129 1870 159 1910 ιτ.
174 1847 301 1927 ἵδρυσεν.
351 1856 410 1928 πῦρ
442 1845 474 1908 δέ
505 1846 650 1909 κατελθὸν
682 1846 853 1928 οὐρανόθεν
883 1856 971 1909 τοῦτο
1003 1845 1191 1909 κατέκαυσεν.

174 1943 226 2006 τὸν
248 1943 282 2006 δέ
303 1967 334 2027 γε
357 1954 410 2007 τοῦ
434 1947 540 2028 κυρίου
563 1943 725 2028 ἀνδριάντα
747 1940 803 2023 ὑφ’
818 1939 973 2023 Ἑλλήνων
991 1945 1054 2007 τότε
1072 1964 1192 2025 συντρι-

173 2041 261 2123 βέντα
284 2045 315 2104 οί
334 2042 494 2125 χριστιανολ
517 2041 704 2116 συλλέξαντες
725 2042 868 2122 ἐπιμελῶς
890 2043 933 2117 είς
953 2042 1113 2122 ἐκκλησίαν
1132 2042 1190 2104 ἀπ-

174 2140 286 2204 ἐθεντο.
332 2140 348 2203 ὁ
372 2141 404 2204 δὲ
427 2141 625 2224 ἐμβρόντητος
648 2131 809 2214 Ἰουλιανός
829 2151 994 2221 προφανῶς
1015 2141 1120 2204 λοιπὸν
1140 2142 1192 2202 καλ

135 2264 160 2302 το
173 2239 302 2314 ἀναιδῶς
324 2240 397 2301 κατὰ
419 2250 472 2321 τῆς
494 2239 643 2318 εὐσεβείας
666 2237 811 2312 ὡπλίζετο.
850 2239 900 2301 καί
923 2237 1113 2321 πρῶτονμὲν
1135 2239 1189 2312 τὰς

245 2462 332 2511 8-18
351 2456 455 2511 Theod.
475 2455 551 2510 Ιιοσδ.
570 2457 605 2524 cf.
625 2453 713 2509 (ἕποιο,
733 2454 771 2522 Π,
789 2460 831 2523 96,
852 2461 867 2508 7
893 2455 958 2510 Exe.
978 2456 1041 2509 Bar.
1063 2455 1188 2526 Theoph.

169 2546 199 2597 p.
214 2533 257 2595 49,
272 2533 296 2582 9.
316 2559 349 2568 -
371 2532 473 2597 19-p.
491 2531 581 2593 541‚9
601 2525 705 2581 Theod.
721 2526 793 2581 Ηίοσ.
810 2527 876 2580 eccl.
891 2527 938 2593 111,
954 2534 994 2581 15.

246 2718 259 2767 l
280 2712 399 2784 δεόμενα
417 2712 554 2768 ΒΤλιοοιλ.
575 2743 608 2753 -
633 2719 648 2766 λ
668 2713 870 2783 διηγησάμεθα
888 2713 974 2769 LMP.
995 2745 1030 2755 --
1048 2713 1189 2770 ἀσκαλῶνι

174 2786 249 2856 (ἀνι
267 2785 332 2856 ΑΜ)
350 2783 460 2839 ΑΟΕΜ
483 2783 617 2839 σκάλλανι
635 2784 666 2838 Ρ.
685 2816 719 2825 -
740 2789 755 2838 θ
775 2783 996 2854 ἐπηγγειλμέναν
1014 2785 1036 2838 Ρ
1060 2786 1188 2856 ἐπηγγει-

174 2853 299 2946 λαμόνωη
322 2857 353 2911 Β.
367 2888 414 2946 Ι-
442 2861 458 2908 6
482 2853 680 2926 σεβαστηπόλει
701 2854 726 2908 Ι)
754 2854 957 2925 σεβαστωπόλει
978 2856 1043 2911 Exn.
1066 2857 1101 2910 de
1124 2857 1187 2912 virt.

174 2927 526 3068 κινητικο
542 2925 1057 3076 ηοαηοιιῑικι
1070 2928 1109 3070 η

173 3103 208 3110 -
228 3076 261 3124 14
279 3068 414 3142 δυσσεβὴς
433 3068 513 3124 FRV.
534 3100 567 3108 —
589 3075 620 3122 16
640 3069 787 3123 κατελθὼν
805 3068 917 3123 BLNP.

245 3263 259 3310 1
275 3255 393 3346 hustcffb
404 3253 482 3326 ὀλίγα
497 3256 527 3311 ἐκ
536 3259 653 3321 πολλῶν,
665 3255 922 3380 φησῆθεοδάρηηος
930 3251 1024 3324 αὖθις,
1035 3259 1143 3326 διηγησ.
1154 3257 1184 3310 Ρ.

173 3326 1186 3468 ολιλκηκὶλὲλῖἐ·τελαιλῖελλξελοὲλλῑ

173 3487 223 3523 om.
238 3467 359 3522 POram.
375 3499 409 3506 —
429 3474 461 3522 12
480 3478 529 3524 τοῦ
549 3486 598 3524 σοι.
614 3469 643 3522 P.
659 3501 693 3509 -
713 3468 904 3539 ἀθιάγνωστος
916 3470 946 3525 P.
962 3501 995 3510 —
1017 3475 1049 3524 18
1063 3468 1186 3525 κέλσασα

174 3557 223 3595 om.
243 3538 364 3593 POram.
390 3569 425 3578 -
452 3544 484 3591 14
507 3548 676 3610 καταγαγεῖν
702 3540 751 3594 καλ
774 3542 844 3608 πρὸς
867 3541 927 3611 ἐμπ.
952 3545 1043 3610 δῆθεν
1067 3547 1186 3610 συρῆναι

174 3609 330 3679 προστάξας
348 3608 445 3662 ΡΕιο.
456 3609 518 3663 Bar.
539 3641 571 3650 —
593 3615 625 3664 16
644 3610 811 3680 κατέφλεξεν
828 3611 949 3667 POmn.
